Time,Instrument,Operation,OrderId,Side,Volume,Price,Lifespan
0.0,0,Insert,0,B,1,99,G
0.0,0,Insert,1,A,1,101,G
0.0,1,Insert,2,B,9,101,G
0.0,1,Insert,3,A,9,99,G
0.2,1,Cancel,2,,,,G
0.2,1,Cancel,3,,,,G
0.25,1,Insert,4,B,9,101,G
0.25,1,Insert,5,A,9,99,G
0.45,1,Cancel,4,,,,G
0.45,1,Cancel,5,,,,G
0.5,1,Insert,6,B,9,101,G
0.5,1,Insert,7,A,9,99,G
0.7,1,Cancel,6,,,,G
0.7,1,Cancel,7,,,,G
0.75,1,Insert,8,B,9,101,G
0.75,1,Insert,9,A,9,99,G
0.95,1,Cancel,8,,,,G
0.95,1,Cancel,9,,,,G
1.0,1,Insert,10,B,9,101,G
1.0,1,Insert,11,A,9,99,G
1.2,1,Cancel,10,,,,G
1.2,1,Cancel,11,,,,G
1.25,1,Insert,12,B,9,101,G
1.25,1,Insert,13,A,9,99,G
1.45,1,Cancel,12,,,,G
1.45,1,Cancel,13,,,,G
1.5,1,Insert,14,B,9,101,G
1.5,1,Insert,15,A,9,99,G
1.7,1,Cancel,14,,,,G
1.7,1,Cancel,15,,,,G
1.75,1,Insert,16,B,9,101,G
1.75,1,Insert,17,A,9,99,G
1.95,1,Cancel,16,,,,G
1.95,1,Cancel,17,,,,G
2.0,1,Insert,18,B,9,101,G
2.0,1,Insert,19,A,9,99,G
2.2,1,Cancel,18,,,,G
2.2,1,Cancel,19,,,,G
2.25,1,Insert,20,B,9,101,G
2.25,1,Insert,21,A,9,99,G
2.45,1,Cancel,20,,,,G
2.45,1,Cancel,21,,,,G
2.5,1,Insert,22,B,9,101,G
2.5,1,Insert,23,A,9,99,G
2.7,1,Cancel,22,,,,G
2.7,1,Cancel,23,,,,G
2.75,1,Insert,24,B,9,101,G
2.75,1,Insert,25,A,9,99,G
2.95,1,Cancel,24,,,,G
2.95,1,Cancel,25,,,,G
3.0,1,Insert,26,B,9,101,G
3.0,1,Insert,27,A,9,99,G
3.2,1,Cancel,26,,,,G
3.2,1,Cancel,27,,,,G
3.25,1,Insert,28,B,9,101,G
3.25,1,Insert,29,A,9,99,G
3.45,1,Cancel,28,,,,G
3.45,1,Cancel,29,,,,G
3.5,1,Insert,30,B,9,101,G
3.5,1,Insert,31,A,9,99,G
3.7,1,Cancel,30,,,,G
3.7,1,Cancel,31,,,,G
3.75,1,Insert,32,B,9,101,G
3.75,1,Insert,33,A,9,99,G
3.95,1,Cancel,32,,,,G
3.95,1,Cancel,33,,,,G
4.0,1,Insert,34,B,9,101,G
4.0,1,Insert,35,A,9,99,G
4.2,1,Cancel,34,,,,G
4.2,1,Cancel,35,,,,G
4.25,1,Insert,36,B,9,101,G
4.25,1,Insert,37,A,9,99,G
4.45,1,Cancel,36,,,,G
4.45,1,Cancel,37,,,,G
4.5,1,Insert,38,B,9,101,G
4.5,1,Insert,39,A,9,99,G
4.7,1,Cancel,38,,,,G
4.7,1,Cancel,39,,,,G
4.75,1,Insert,40,B,9,101,G
4.75,1,Insert,41,A,9,99,G
4.95,1,Cancel,40,,,,G
4.95,1,Cancel,41,,,,G
5.0,1,Insert,42,B,9,101,G
5.0,1,Insert,43,A,9,99,G
5.2,1,Cancel,42,,,,G
5.2,1,Cancel,43,,,,G
5.25,1,Insert,44,B,9,101,G
5.25,1,Insert,45,A,9,99,G
5.45,1,Cancel,44,,,,G
5.45,1,Cancel,45,,,,G
5.5,1,Insert,46,B,9,101,G
5.5,1,Insert,47,A,9,99,G
5.7,1,Cancel,46,,,,G
5.7,1,Cancel,47,,,,G
5.75,1,Insert,48,B,9,101,G
5.75,1,Insert,49,A,9,99,G
5.95,1,Cancel,48,,,,G
5.95,1,Cancel,49,,,,G
6.0,1,Insert,50,B,9,101,G
6.0,1,Insert,51,A,9,99,G
6.2,1,Cancel,50,,,,G
6.2,1,Cancel,51,,,,G
6.25,1,Insert,52,B,9,101,G
6.25,1,Insert,53,A,9,99,G
6.45,1,Cancel,52,,,,G
6.45,1,Cancel,53,,,,G
6.5,1,Insert,54,B,9,101,G
6.5,1,Insert,55,A,9,99,G
6.7,1,Cancel,54,,,,G
6.7,1,Cancel,55,,,,G
6.75,1,Insert,56,B,9,101,G
6.75,1,Insert,57,A,9,99,G
6.95,1,Cancel,56,,,,G
6.95,1,Cancel,57,,,,G
7.0,1,Insert,58,B,9,101,G
7.0,1,Insert,59,A,9,99,G
7.2,1,Cancel,58,,,,G
7.2,1,Cancel,59,,,,G
7.25,1,Insert,60,B,9,101,G
7.25,1,Insert,61,A,9,99,G
7.45,1,Cancel,60,,,,G
7.45,1,Cancel,61,,,,G
7.5,1,Insert,62,B,9,101,G
7.5,1,Insert,63,A,9,99,G
7.7,1,Cancel,62,,,,G
7.7,1,Cancel,63,,,,G
7.75,1,Insert,64,B,9,101,G
7.75,1,Insert,65,A,9,99,G
7.95,1,Cancel,64,,,,G
7.95,1,Cancel,65,,,,G
8.0,1,Insert,66,B,9,101,G
8.0,1,Insert,67,A,9,99,G
8.2,1,Cancel,66,,,,G
8.2,1,Cancel,67,,,,G
8.25,1,Insert,68,B,9,101,G
8.25,1,Insert,69,A,9,99,G
8.45,1,Cancel,68,,,,G
8.45,1,Cancel,69,,,,G
8.5,1,Insert,70,B,9,101,G
8.5,1,Insert,71,A,9,99,G
8.7,1,Cancel,70,,,,G
8.7,1,Cancel,71,,,,G
8.75,1,Insert,72,B,9,101,G
8.75,1,Insert,73,A,9,99,G
8.95,1,Cancel,72,,,,G
8.95,1,Cancel,73,,,,G
9.0,1,Insert,74,B,9,101,G
9.0,1,Insert,75,A,9,99,G
9.2,1,Cancel,74,,,,G
9.2,1,Cancel,75,,,,G
9.25,1,Insert,76,B,9,101,G
9.25,1,Insert,77,A,9,99,G
9.45,1,Cancel,76,,,,G
9.45,1,Cancel,77,,,,G
9.5,1,Insert,78,B,9,101,G
9.5,1,Insert,79,A,9,99,G
9.7,1,Cancel,78,,,,G
9.7,1,Cancel,79,,,,G
9.75,1,Insert,80,B,9,101,G
9.75,1,Insert,81,A,9,99,G
9.95,1,Cancel,80,,,,G
9.95,1,Cancel,81,,,,G
10.0,1,Insert,82,B,9,101,G
10.0,1,Insert,83,A,9,99,G
10.2,1,Cancel,82,,,,G
10.2,1,Cancel,83,,,,G
10.25,1,Insert,84,B,9,101,G
10.25,1,Insert,85,A,9,99,G
10.45,1,Cancel,84,,,,G
10.45,1,Cancel,85,,,,G
10.5,1,Insert,86,B,9,101,G
10.5,1,Insert,87,A,9,99,G
10.7,1,Cancel,86,,,,G
10.7,1,Cancel,87,,,,G
10.75,1,Insert,88,B,9,101,G
10.75,1,Insert,89,A,9,99,G
10.95,1,Cancel,88,,,,G
10.95,1,Cancel,89,,,,G
11.0,1,Insert,90,B,9,101,G
11.0,1,Insert,91,A,9,99,G
11.2,1,Cancel,90,,,,G
11.2,1,Cancel,91,,,,G
11.25,1,Insert,92,B,9,101,G
11.25,1,Insert,93,A,9,99,G
11.45,1,Cancel,92,,,,G
11.45,1,Cancel,93,,,,G
11.5,1,Insert,94,B,9,101,G
11.5,1,Insert,95,A,9,99,G
11.7,1,Cancel,94,,,,G
11.7,1,Cancel,95,,,,G
11.75,1,Insert,96,B,9,101,G
11.75,1,Insert,97,A,9,99,G
11.95,1,Cancel,96,,,,G
11.95,1,Cancel,97,,,,G
12.0,1,Insert,98,B,9,101,G
12.0,1,Insert,99,A,9,99,G
12.2,1,Cancel,98,,,,G
12.2,1,Cancel,99,,,,G
12.25,1,Insert,100,B,9,101,G
12.25,1,Insert,101,A,9,99,G
12.45,1,Cancel,100,,,,G
12.45,1,Cancel,101,,,,G
12.5,1,Insert,102,B,9,101,G
12.5,1,Insert,103,A,9,99,G
12.7,1,Cancel,102,,,,G
12.7,1,Cancel,103,,,,G
12.75,1,Insert,104,B,9,101,G
12.75,1,Insert,105,A,9,99,G
12.95,1,Cancel,104,,,,G
12.95,1,Cancel,105,,,,G
13.0,1,Insert,106,B,9,101,G
13.0,1,Insert,107,A,9,99,G
13.2,1,Cancel,106,,,,G
13.2,1,Cancel,107,,,,G
13.25,1,Insert,108,B,9,101,G
13.25,1,Insert,109,A,9,99,G
13.45,1,Cancel,108,,,,G
13.45,1,Cancel,109,,,,G
13.5,1,Insert,110,B,9,101,G
13.5,1,Insert,111,A,9,99,G
13.7,1,Cancel,110,,,,G
13.7,1,Cancel,111,,,,G
13.75,1,Insert,112,B,9,101,G
13.75,1,Insert,113,A,9,99,G
13.95,1,Cancel,112,,,,G
13.95,1,Cancel,113,,,,G
14.0,1,Insert,114,B,9,101,G
14.0,1,Insert,115,A,9,99,G
14.2,1,Cancel,114,,,,G
14.2,1,Cancel,115,,,,G
14.25,1,Insert,116,B,9,101,G
14.25,1,Insert,117,A,9,99,G
14.45,1,Cancel,116,,,,G
14.45,1,Cancel,117,,,,G
14.5,1,Insert,118,B,9,101,G
14.5,1,Insert,119,A,9,99,G
14.7,1,Cancel,118,,,,G
14.7,1,Cancel,119,,,,G
14.75,1,Insert,120,B,9,101,G
14.75,1,Insert,121,A,9,99,G
14.95,1,Cancel,120,,,,G
14.95,1,Cancel,121,,,,G
15.0,1,Insert,122,B,9,101,G
15.0,1,Insert,123,A,9,99,G
15.2,1,Cancel,122,,,,G
15.2,1,Cancel,123,,,,G
15.25,1,Insert,124,B,9,101,G
15.25,1,Insert,125,A,9,99,G
15.45,1,Cancel,124,,,,G
15.45,1,Cancel,125,,,,G
15.5,1,Insert,126,B,9,101,G
15.5,1,Insert,127,A,9,99,G
15.7,1,Cancel,126,,,,G
15.7,1,Cancel,127,,,,G
15.75,1,Insert,128,B,9,101,G
15.75,1,Insert,129,A,9,99,G
15.95,1,Cancel,128,,,,G
15.95,1,Cancel,129,,,,G
16.0,1,Insert,130,B,9,101,G
16.0,1,Insert,131,A,9,99,G
16.2,1,Cancel,130,,,,G
16.2,1,Cancel,131,,,,G
16.25,1,Insert,132,B,9,101,G
16.25,1,Insert,133,A,9,99,G
16.45,1,Cancel,132,,,,G
16.45,1,Cancel,133,,,,G
16.5,1,Insert,134,B,9,101,G
16.5,1,Insert,135,A,9,99,G
16.7,1,Cancel,134,,,,G
16.7,1,Cancel,135,,,,G
16.75,1,Insert,136,B,9,101,G
16.75,1,Insert,137,A,9,99,G
16.95,1,Cancel,136,,,,G
16.95,1,Cancel,137,,,,G
17.0,1,Insert,138,B,9,101,G
17.0,1,Insert,139,A,9,99,G
17.2,1,Cancel,138,,,,G
17.2,1,Cancel,139,,,,G
17.25,1,Insert,140,B,9,101,G
17.25,1,Insert,141,A,9,99,G
17.45,1,Cancel,140,,,,G
17.45,1,Cancel,141,,,,G
17.5,1,Insert,142,B,9,101,G
17.5,1,Insert,143,A,9,99,G
17.7,1,Cancel,142,,,,G
17.7,1,Cancel,143,,,,G
17.75,1,Insert,144,B,9,101,G
17.75,1,Insert,145,A,9,99,G
17.95,1,Cancel,144,,,,G
17.95,1,Cancel,145,,,,G
18.0,1,Insert,146,B,9,101,G
18.0,1,Insert,147,A,9,99,G
18.2,1,Cancel,146,,,,G
18.2,1,Cancel,147,,,,G
18.25,1,Insert,148,B,9,101,G
18.25,1,Insert,149,A,9,99,G
18.45,1,Cancel,148,,,,G
18.45,1,Cancel,149,,,,G
18.5,1,Insert,150,B,9,101,G
18.5,1,Insert,151,A,9,99,G
18.7,1,Cancel,150,,,,G
18.7,1,Cancel,151,,,,G
18.75,1,Insert,152,B,9,101,G
18.75,1,Insert,153,A,9,99,G
18.95,1,Cancel,152,,,,G
18.95,1,Cancel,153,,,,G
19.0,1,Insert,154,B,9,101,G
19.0,1,Insert,155,A,9,99,G
19.2,1,Cancel,154,,,,G
19.2,1,Cancel,155,,,,G
19.25,1,Insert,156,B,9,101,G
19.25,1,Insert,157,A,9,99,G
19.45,1,Cancel,156,,,,G
19.45,1,Cancel,157,,,,G
19.5,1,Insert,158,B,9,101,G
19.5,1,Insert,159,A,9,99,G
19.7,1,Cancel,158,,,,G
19.7,1,Cancel,159,,,,G
19.75,1,Insert,160,B,9,101,G
19.75,1,Insert,161,A,9,99,G
19.95,1,Cancel,160,,,,G
19.95,1,Cancel,161,,,,G
20.0,1,Insert,162,B,9,101,G
20.0,1,Insert,163,A,9,99,G
20.2,1,Cancel,162,,,,G
20.2,1,Cancel,163,,,,G
20.25,1,Insert,164,B,9,101,G
20.25,1,Insert,165,A,9,99,G
20.45,1,Cancel,164,,,,G
20.45,1,Cancel,165,,,,G
20.5,1,Insert,166,B,9,101,G
20.5,1,Insert,167,A,9,99,G
20.7,1,Cancel,166,,,,G
20.7,1,Cancel,167,,,,G
20.75,1,Insert,168,B,9,101,G
20.75,1,Insert,169,A,9,99,G
20.95,1,Cancel,168,,,,G
20.95,1,Cancel,169,,,,G
21.0,1,Insert,170,B,9,101,G
21.0,1,Insert,171,A,9,99,G
21.2,1,Cancel,170,,,,G
21.2,1,Cancel,171,,,,G
21.25,1,Insert,172,B,9,101,G
21.25,1,Insert,173,A,9,99,G
21.45,1,Cancel,172,,,,G
21.45,1,Cancel,173,,,,G
21.5,1,Insert,174,B,9,101,G
21.5,1,Insert,175,A,9,99,G
21.7,1,Cancel,174,,,,G
21.7,1,Cancel,175,,,,G
21.75,1,Insert,176,B,9,101,G
21.75,1,Insert,177,A,9,99,G
21.95,1,Cancel,176,,,,G
21.95,1,Cancel,177,,,,G
22.0,1,Insert,178,B,9,101,G
22.0,1,Insert,179,A,9,99,G
22.2,1,Cancel,178,,,,G
22.2,1,Cancel,179,,,,G
22.25,1,Insert,180,B,9,101,G
22.25,1,Insert,181,A,9,99,G
22.45,1,Cancel,180,,,,G
22.45,1,Cancel,181,,,,G
22.5,1,Insert,182,B,9,101,G
22.5,1,Insert,183,A,9,99,G
22.7,1,Cancel,182,,,,G
22.7,1,Cancel,183,,,,G
22.75,1,Insert,184,B,9,101,G
22.75,1,Insert,185,A,9,99,G
22.95,1,Cancel,184,,,,G
22.95,1,Cancel,185,,,,G
23.0,1,Insert,186,B,9,101,G
23.0,1,Insert,187,A,9,99,G
23.2,1,Cancel,186,,,,G
23.2,1,Cancel,187,,,,G
23.25,1,Insert,188,B,9,101,G
23.25,1,Insert,189,A,9,99,G
23.45,1,Cancel,188,,,,G
23.45,1,Cancel,189,,,,G
23.5,1,Insert,190,B,9,101,G
23.5,1,Insert,191,A,9,99,G
23.7,1,Cancel,190,,,,G
23.7,1,Cancel,191,,,,G
23.75,1,Insert,192,B,9,101,G
23.75,1,Insert,193,A,9,99,G
23.95,1,Cancel,192,,,,G
23.95,1,Cancel,193,,,,G
24.0,1,Insert,194,B,9,101,G
24.0,1,Insert,195,A,9,99,G
24.2,1,Cancel,194,,,,G
24.2,1,Cancel,195,,,,G
24.25,1,Insert,196,B,9,101,G
24.25,1,Insert,197,A,9,99,G
24.45,1,Cancel,196,,,,G
24.45,1,Cancel,197,,,,G
24.5,1,Insert,198,B,9,101,G
24.5,1,Insert,199,A,9,99,G
24.7,1,Cancel,198,,,,G
24.7,1,Cancel,199,,,,G
24.75,1,Insert,200,B,9,101,G
24.75,1,Insert,201,A,9,99,G
24.95,1,Cancel,200,,,,G
24.95,1,Cancel,201,,,,G
25.0,1,Insert,202,B,9,101,G
25.0,1,Insert,203,A,9,99,G
25.2,1,Cancel,202,,,,G
25.2,1,Cancel,203,,,,G
25.25,1,Insert,204,B,9,101,G
25.25,1,Insert,205,A,9,99,G
25.45,1,Cancel,204,,,,G
25.45,1,Cancel,205,,,,G
25.5,1,Insert,206,B,9,101,G
25.5,1,Insert,207,A,9,99,G
25.7,1,Cancel,206,,,,G
25.7,1,Cancel,207,,,,G
25.75,1,Insert,208,B,9,101,G
25.75,1,Insert,209,A,9,99,G
25.95,1,Cancel,208,,,,G
25.95,1,Cancel,209,,,,G
26.0,1,Insert,210,B,9,101,G
26.0,1,Insert,211,A,9,99,G
26.2,1,Cancel,210,,,,G
26.2,1,Cancel,211,,,,G
26.25,1,Insert,212,B,9,101,G
26.25,1,Insert,213,A,9,99,G
26.45,1,Cancel,212,,,,G
26.45,1,Cancel,213,,,,G
26.5,1,Insert,214,B,9,101,G
26.5,1,Insert,215,A,9,99,G
26.7,1,Cancel,214,,,,G
26.7,1,Cancel,215,,,,G
26.75,1,Insert,216,B,9,101,G
26.75,1,Insert,217,A,9,99,G
26.95,1,Cancel,216,,,,G
26.95,1,Cancel,217,,,,G
27.0,1,Insert,218,B,9,101,G
27.0,1,Insert,219,A,9,99,G
27.2,1,Cancel,218,,,,G
27.2,1,Cancel,219,,,,G
27.25,1,Insert,220,B,9,101,G
27.25,1,Insert,221,A,9,99,G
27.45,1,Cancel,220,,,,G
27.45,1,Cancel,221,,,,G
27.5,1,Insert,222,B,9,101,G
27.5,1,Insert,223,A,9,99,G
27.7,1,Cancel,222,,,,G
27.7,1,Cancel,223,,,,G
27.75,1,Insert,224,B,9,101,G
27.75,1,Insert,225,A,9,99,G
27.95,1,Cancel,224,,,,G
27.95,1,Cancel,225,,,,G
28.0,1,Insert,226,B,9,101,G
28.0,1,Insert,227,A,9,99,G
28.2,1,Cancel,226,,,,G
28.2,1,Cancel,227,,,,G
28.25,1,Insert,228,B,9,101,G
28.25,1,Insert,229,A,9,99,G
28.45,1,Cancel,228,,,,G
28.45,1,Cancel,229,,,,G
28.5,1,Insert,230,B,9,101,G
28.5,1,Insert,231,A,9,99,G
28.7,1,Cancel,230,,,,G
28.7,1,Cancel,231,,,,G
28.75,1,Insert,232,B,9,101,G
28.75,1,Insert,233,A,9,99,G
28.95,1,Cancel,232,,,,G
28.95,1,Cancel,233,,,,G
29.0,1,Insert,234,B,9,101,G
29.0,1,Insert,235,A,9,99,G
29.2,1,Cancel,234,,,,G
29.2,1,Cancel,235,,,,G
29.25,1,Insert,236,B,9,101,G
29.25,1,Insert,237,A,9,99,G
29.45,1,Cancel,236,,,,G
29.45,1,Cancel,237,,,,G
29.5,1,Insert,238,B,9,101,G
29.5,1,Insert,239,A,9,99,G
29.7,1,Cancel,238,,,,G
29.7,1,Cancel,239,,,,G
29.75,1,Insert,240,B,9,101,G
29.75,1,Insert,241,A,9,99,G
29.95,1,Cancel,240,,,,G
29.95,1,Cancel,241,,,,G
30.0,1,Insert,242,B,9,101,G
30.0,1,Insert,243,A,9,99,G
30.2,1,Cancel,242,,,,G
30.2,1,Cancel,243,,,,G
30.25,1,Insert,244,B,9,101,G
30.25,1,Insert,245,A,9,99,G
30.45,1,Cancel,244,,,,G
30.45,1,Cancel,245,,,,G
30.5,1,Insert,246,B,9,101,G
30.5,1,Insert,247,A,9,99,G
30.7,1,Cancel,246,,,,G
30.7,1,Cancel,247,,,,G
30.75,1,Insert,248,B,9,101,G
30.75,1,Insert,249,A,9,99,G
30.95,1,Cancel,248,,,,G
30.95,1,Cancel,249,,,,G
31.0,1,Insert,250,B,9,101,G
31.0,1,Insert,251,A,9,99,G
31.2,1,Cancel,250,,,,G
31.2,1,Cancel,251,,,,G
31.25,1,Insert,252,B,9,101,G
31.25,1,Insert,253,A,9,99,G
31.45,1,Cancel,252,,,,G
31.45,1,Cancel,253,,,,G
31.5,1,Insert,254,B,9,101,G
31.5,1,Insert,255,A,9,99,G
31.7,1,Cancel,254,,,,G
31.7,1,Cancel,255,,,,G
31.75,1,Insert,256,B,9,101,G
31.75,1,Insert,257,A,9,99,G
31.95,1,Cancel,256,,,,G
31.95,1,Cancel,257,,,,G
32.0,1,Insert,258,B,9,101,G
32.0,1,Insert,259,A,9,99,G
32.2,1,Cancel,258,,,,G
32.2,1,Cancel,259,,,,G
32.25,1,Insert,260,B,9,101,G
32.25,1,Insert,261,A,9,99,G
32.45,1,Cancel,260,,,,G
32.45,1,Cancel,261,,,,G
32.5,1,Insert,262,B,9,101,G
32.5,1,Insert,263,A,9,99,G
32.7,1,Cancel,262,,,,G
32.7,1,Cancel,263,,,,G
32.75,1,Insert,264,B,9,101,G
32.75,1,Insert,265,A,9,99,G
32.95,1,Cancel,264,,,,G
32.95,1,Cancel,265,,,,G
33.0,1,Insert,266,B,9,101,G
33.0,1,Insert,267,A,9,99,G
33.2,1,Cancel,266,,,,G
33.2,1,Cancel,267,,,,G
33.25,1,Insert,268,B,9,101,G
33.25,1,Insert,269,A,9,99,G
33.45,1,Cancel,268,,,,G
33.45,1,Cancel,269,,,,G
33.5,1,Insert,270,B,9,101,G
33.5,1,Insert,271,A,9,99,G
33.7,1,Cancel,270,,,,G
33.7,1,Cancel,271,,,,G
33.75,1,Insert,272,B,9,101,G
33.75,1,Insert,273,A,9,99,G
33.95,1,Cancel,272,,,,G
33.95,1,Cancel,273,,,,G
34.0,1,Insert,274,B,9,101,G
34.0,1,Insert,275,A,9,99,G
34.2,1,Cancel,274,,,,G
34.2,1,Cancel,275,,,,G
34.25,1,Insert,276,B,9,101,G
34.25,1,Insert,277,A,9,99,G
34.45,1,Cancel,276,,,,G
34.45,1,Cancel,277,,,,G
34.5,1,Insert,278,B,9,101,G
34.5,1,Insert,279,A,9,99,G
34.7,1,Cancel,278,,,,G
34.7,1,Cancel,279,,,,G
34.75,1,Insert,280,B,9,101,G
34.75,1,Insert,281,A,9,99,G
34.95,1,Cancel,280,,,,G
34.95,1,Cancel,281,,,,G
35.0,1,Insert,282,B,9,101,G
35.0,1,Insert,283,A,9,99,G
35.2,1,Cancel,282,,,,G
35.2,1,Cancel,283,,,,G
35.25,1,Insert,284,B,9,101,G
35.25,1,Insert,285,A,9,99,G
35.45,1,Cancel,284,,,,G
35.45,1,Cancel,285,,,,G
35.5,1,Insert,286,B,9,101,G
35.5,1,Insert,287,A,9,99,G
35.7,1,Cancel,286,,,,G
35.7,1,Cancel,287,,,,G
35.75,1,Insert,288,B,9,101,G
35.75,1,Insert,289,A,9,99,G
35.95,1,Cancel,288,,,,G
35.95,1,Cancel,289,,,,G
36.0,1,Insert,290,B,9,101,G
36.0,1,Insert,291,A,9,99,G
36.2,1,Cancel,290,,,,G
36.2,1,Cancel,291,,,,G
36.25,1,Insert,292,B,9,101,G
36.25,1,Insert,293,A,9,99,G
36.45,1,Cancel,292,,,,G
36.45,1,Cancel,293,,,,G
36.5,1,Insert,294,B,9,101,G
36.5,1,Insert,295,A,9,99,G
36.7,1,Cancel,294,,,,G
36.7,1,Cancel,295,,,,G
36.75,1,Insert,296,B,9,101,G
36.75,1,Insert,297,A,9,99,G
36.95,1,Cancel,296,,,,G
36.95,1,Cancel,297,,,,G
37.0,1,Insert,298,B,9,101,G
37.0,1,Insert,299,A,9,99,G
37.2,1,Cancel,298,,,,G
37.2,1,Cancel,299,,,,G
37.25,1,Insert,300,B,9,101,G
37.25,1,Insert,301,A,9,99,G
37.45,1,Cancel,300,,,,G
37.45,1,Cancel,301,,,,G
37.5,1,Insert,302,B,9,101,G
37.5,1,Insert,303,A,9,99,G
37.7,1,Cancel,302,,,,G
37.7,1,Cancel,303,,,,G
37.75,1,Insert,304,B,9,101,G
37.75,1,Insert,305,A,9,99,G
37.95,1,Cancel,304,,,,G
37.95,1,Cancel,305,,,,G
38.0,1,Insert,306,B,9,101,G
38.0,1,Insert,307,A,9,99,G
38.2,1,Cancel,306,,,,G
38.2,1,Cancel,307,,,,G
38.25,1,Insert,308,B,9,101,G
38.25,1,Insert,309,A,9,99,G
38.45,1,Cancel,308,,,,G
38.45,1,Cancel,309,,,,G
38.5,1,Insert,310,B,9,101,G
38.5,1,Insert,311,A,9,99,G
38.7,1,Cancel,310,,,,G
38.7,1,Cancel,311,,,,G
38.75,1,Insert,312,B,9,101,G
38.75,1,Insert,313,A,9,99,G
38.95,1,Cancel,312,,,,G
38.95,1,Cancel,313,,,,G
39.0,1,Insert,314,B,9,101,G
39.0,1,Insert,315,A,9,99,G
39.2,1,Cancel,314,,,,G
39.2,1,Cancel,315,,,,G
39.25,1,Insert,316,B,9,101,G
39.25,1,Insert,317,A,9,99,G
39.45,1,Cancel,316,,,,G
39.45,1,Cancel,317,,,,G
39.5,1,Insert,318,B,9,101,G
39.5,1,Insert,319,A,9,99,G
39.7,1,Cancel,318,,,,G
39.7,1,Cancel,319,,,,G
39.75,1,Insert,320,B,9,101,G
39.75,1,Insert,321,A,9,99,G
39.95,1,Cancel,320,,,,G
39.95,1,Cancel,321,,,,G
40.0,1,Insert,322,B,9,101,G
40.0,1,Insert,323,A,9,99,G
40.2,1,Cancel,322,,,,G
40.2,1,Cancel,323,,,,G
40.25,1,Insert,324,B,9,101,G
40.25,1,Insert,325,A,9,99,G
40.45,1,Cancel,324,,,,G
40.45,1,Cancel,325,,,,G
40.5,1,Insert,326,B,9,101,G
40.5,1,Insert,327,A,9,99,G
40.7,1,Cancel,326,,,,G
40.7,1,Cancel,327,,,,G
40.75,1,Insert,328,B,9,101,G
40.75,1,Insert,329,A,9,99,G
40.95,1,Cancel,328,,,,G
40.95,1,Cancel,329,,,,G
41.0,1,Insert,330,B,9,101,G
41.0,1,Insert,331,A,9,99,G
41.2,1,Cancel,330,,,,G
41.2,1,Cancel,331,,,,G
41.25,1,Insert,332,B,9,101,G
41.25,1,Insert,333,A,9,99,G
41.45,1,Cancel,332,,,,G
41.45,1,Cancel,333,,,,G
41.5,1,Insert,334,B,9,101,G
41.5,1,Insert,335,A,9,99,G
41.7,1,Cancel,334,,,,G
41.7,1,Cancel,335,,,,G
41.75,1,Insert,336,B,9,101,G
41.75,1,Insert,337,A,9,99,G
41.95,1,Cancel,336,,,,G
41.95,1,Cancel,337,,,,G
42.0,1,Insert,338,B,9,101,G
42.0,1,Insert,339,A,9,99,G
42.2,1,Cancel,338,,,,G
42.2,1,Cancel,339,,,,G
42.25,1,Insert,340,B,9,101,G
42.25,1,Insert,341,A,9,99,G
42.45,1,Cancel,340,,,,G
42.45,1,Cancel,341,,,,G
42.5,1,Insert,342,B,9,101,G
42.5,1,Insert,343,A,9,99,G
42.7,1,Cancel,342,,,,G
42.7,1,Cancel,343,,,,G
42.75,1,Insert,344,B,9,101,G
42.75,1,Insert,345,A,9,99,G
42.95,1,Cancel,344,,,,G
42.95,1,Cancel,345,,,,G
43.0,1,Insert,346,B,9,101,G
43.0,1,Insert,347,A,9,99,G
43.2,1,Cancel,346,,,,G
43.2,1,Cancel,347,,,,G
43.25,1,Insert,348,B,9,101,G
43.25,1,Insert,349,A,9,99,G
43.45,1,Cancel,348,,,,G
43.45,1,Cancel,349,,,,G
43.5,1,Insert,350,B,9,101,G
43.5,1,Insert,351,A,9,99,G
43.7,1,Cancel,350,,,,G
43.7,1,Cancel,351,,,,G
43.75,1,Insert,352,B,9,101,G
43.75,1,Insert,353,A,9,99,G
43.95,1,Cancel,352,,,,G
43.95,1,Cancel,353,,,,G
44.0,1,Insert,354,B,9,101,G
44.0,1,Insert,355,A,9,99,G
44.2,1,Cancel,354,,,,G
44.2,1,Cancel,355,,,,G
44.25,1,Insert,356,B,9,101,G
44.25,1,Insert,357,A,9,99,G
44.45,1,Cancel,356,,,,G
44.45,1,Cancel,357,,,,G
44.5,1,Insert,358,B,9,101,G
44.5,1,Insert,359,A,9,99,G
44.7,1,Cancel,358,,,,G
44.7,1,Cancel,359,,,,G
44.75,1,Insert,360,B,9,101,G
44.75,1,Insert,361,A,9,99,G
44.95,1,Cancel,360,,,,G
44.95,1,Cancel,361,,,,G
45.0,1,Insert,362,B,9,101,G
45.0,1,Insert,363,A,9,99,G
45.2,1,Cancel,362,,,,G
45.2,1,Cancel,363,,,,G
45.25,1,Insert,364,B,9,101,G
45.25,1,Insert,365,A,9,99,G
45.45,1,Cancel,364,,,,G
45.45,1,Cancel,365,,,,G
45.5,1,Insert,366,B,9,101,G
45.5,1,Insert,367,A,9,99,G
45.7,1,Cancel,366,,,,G
45.7,1,Cancel,367,,,,G
45.75,1,Insert,368,B,9,101,G
45.75,1,Insert,369,A,9,99,G
45.95,1,Cancel,368,,,,G
45.95,1,Cancel,369,,,,G
46.0,1,Insert,370,B,9,101,G
46.0,1,Insert,371,A,9,99,G
46.2,1,Cancel,370,,,,G
46.2,1,Cancel,371,,,,G
46.25,1,Insert,372,B,9,101,G
46.25,1,Insert,373,A,9,99,G
46.45,1,Cancel,372,,,,G
46.45,1,Cancel,373,,,,G
46.5,1,Insert,374,B,9,101,G
46.5,1,Insert,375,A,9,99,G
46.7,1,Cancel,374,,,,G
46.7,1,Cancel,375,,,,G
46.75,1,Insert,376,B,9,101,G
46.75,1,Insert,377,A,9,99,G
46.95,1,Cancel,376,,,,G
46.95,1,Cancel,377,,,,G
47.0,1,Insert,378,B,9,101,G
47.0,1,Insert,379,A,9,99,G
47.2,1,Cancel,378,,,,G
47.2,1,Cancel,379,,,,G
47.25,1,Insert,380,B,9,101,G
47.25,1,Insert,381,A,9,99,G
47.45,1,Cancel,380,,,,G
47.45,1,Cancel,381,,,,G
47.5,1,Insert,382,B,9,101,G
47.5,1,Insert,383,A,9,99,G
47.7,1,Cancel,382,,,,G
47.7,1,Cancel,383,,,,G
47.75,1,Insert,384,B,9,101,G
47.75,1,Insert,385,A,9,99,G
47.95,1,Cancel,384,,,,G
47.95,1,Cancel,385,,,,G
48.0,1,Insert,386,B,9,101,G
48.0,1,Insert,387,A,9,99,G
48.2,1,Cancel,386,,,,G
48.2,1,Cancel,387,,,,G
48.25,1,Insert,388,B,9,101,G
48.25,1,Insert,389,A,9,99,G
48.45,1,Cancel,388,,,,G
48.45,1,Cancel,389,,,,G
48.5,1,Insert,390,B,9,101,G
48.5,1,Insert,391,A,9,99,G
48.7,1,Cancel,390,,,,G
48.7,1,Cancel,391,,,,G
48.75,1,Insert,392,B,9,101,G
48.75,1,Insert,393,A,9,99,G
48.95,1,Cancel,392,,,,G
48.95,1,Cancel,393,,,,G
49.0,1,Insert,394,B,9,101,G
49.0,1,Insert,395,A,9,99,G
49.2,1,Cancel,394,,,,G
49.2,1,Cancel,395,,,,G
49.25,1,Insert,396,B,9,101,G
49.25,1,Insert,397,A,9,99,G
49.45,1,Cancel,396,,,,G
49.45,1,Cancel,397,,,,G
49.5,1,Insert,398,B,9,101,G
49.5,1,Insert,399,A,9,99,G
49.7,1,Cancel,398,,,,G
49.7,1,Cancel,399,,,,G
49.75,1,Insert,400,B,9,101,G
49.75,1,Insert,401,A,9,99,G
49.95,1,Cancel,400,,,,G
49.95,1,Cancel,401,,,,G
50.0,1,Insert,402,B,9,101,G
50.0,1,Insert,403,A,9,99,G
50.2,1,Cancel,402,,,,G
50.2,1,Cancel,403,,,,G
50.25,1,Insert,404,B,9,101,G
50.25,1,Insert,405,A,9,99,G
50.45,1,Cancel,404,,,,G
50.45,1,Cancel,405,,,,G
50.5,1,Insert,406,B,9,101,G
50.5,1,Insert,407,A,9,99,G
50.7,1,Cancel,406,,,,G
50.7,1,Cancel,407,,,,G
50.75,1,Insert,408,B,9,101,G
50.75,1,Insert,409,A,9,99,G
50.95,1,Cancel,408,,,,G
50.95,1,Cancel,409,,,,G
51.0,1,Insert,410,B,9,101,G
51.0,1,Insert,411,A,9,99,G
51.2,1,Cancel,410,,,,G
51.2,1,Cancel,411,,,,G
51.25,1,Insert,412,B,9,101,G
51.25,1,Insert,413,A,9,99,G
51.45,1,Cancel,412,,,,G
51.45,1,Cancel,413,,,,G
51.5,1,Insert,414,B,9,101,G
51.5,1,Insert,415,A,9,99,G
51.7,1,Cancel,414,,,,G
51.7,1,Cancel,415,,,,G
51.75,1,Insert,416,B,9,101,G
51.75,1,Insert,417,A,9,99,G
51.95,1,Cancel,416,,,,G
51.95,1,Cancel,417,,,,G
52.0,1,Insert,418,B,9,101,G
52.0,1,Insert,419,A,9,99,G
52.2,1,Cancel,418,,,,G
52.2,1,Cancel,419,,,,G
52.25,1,Insert,420,B,9,101,G
52.25,1,Insert,421,A,9,99,G
52.45,1,Cancel,420,,,,G
52.45,1,Cancel,421,,,,G
52.5,1,Insert,422,B,9,101,G
52.5,1,Insert,423,A,9,99,G
52.7,1,Cancel,422,,,,G
52.7,1,Cancel,423,,,,G
52.75,1,Insert,424,B,9,101,G
52.75,1,Insert,425,A,9,99,G
52.95,1,Cancel,424,,,,G
52.95,1,Cancel,425,,,,G
53.0,1,Insert,426,B,9,101,G
53.0,1,Insert,427,A,9,99,G
53.2,1,Cancel,426,,,,G
53.2,1,Cancel,427,,,,G
53.25,1,Insert,428,B,9,101,G
53.25,1,Insert,429,A,9,99,G
53.45,1,Cancel,428,,,,G
53.45,1,Cancel,429,,,,G
53.5,1,Insert,430,B,9,101,G
53.5,1,Insert,431,A,9,99,G
53.7,1,Cancel,430,,,,G
53.7,1,Cancel,431,,,,G
53.75,1,Insert,432,B,9,101,G
53.75,1,Insert,433,A,9,99,G
53.95,1,Cancel,432,,,,G
53.95,1,Cancel,433,,,,G
54.0,1,Insert,434,B,9,101,G
54.0,1,Insert,435,A,9,99,G
54.2,1,Cancel,434,,,,G
54.2,1,Cancel,435,,,,G
54.25,1,Insert,436,B,9,101,G
54.25,1,Insert,437,A,9,99,G
54.45,1,Cancel,436,,,,G
54.45,1,Cancel,437,,,,G
54.5,1,Insert,438,B,9,101,G
54.5,1,Insert,439,A,9,99,G
54.7,1,Cancel,438,,,,G
54.7,1,Cancel,439,,,,G
54.75,1,Insert,440,B,9,101,G
54.75,1,Insert,441,A,9,99,G
54.95,1,Cancel,440,,,,G
54.95,1,Cancel,441,,,,G
55.0,1,Insert,442,B,9,101,G
55.0,1,Insert,443,A,9,99,G
55.2,1,Cancel,442,,,,G
55.2,1,Cancel,443,,,,G
55.25,1,Insert,444,B,9,101,G
55.25,1,Insert,445,A,9,99,G
55.45,1,Cancel,444,,,,G
55.45,1,Cancel,445,,,,G
55.5,1,Insert,446,B,9,101,G
55.5,1,Insert,447,A,9,99,G
55.7,1,Cancel,446,,,,G
55.7,1,Cancel,447,,,,G
55.75,1,Insert,448,B,9,101,G
55.75,1,Insert,449,A,9,99,G
55.95,1,Cancel,448,,,,G
55.95,1,Cancel,449,,,,G
56.0,1,Insert,450,B,9,101,G
56.0,1,Insert,451,A,9,99,G
56.2,1,Cancel,450,,,,G
56.2,1,Cancel,451,,,,G
56.25,1,Insert,452,B,9,101,G
56.25,1,Insert,453,A,9,99,G
56.45,1,Cancel,452,,,,G
56.45,1,Cancel,453,,,,G
56.5,1,Insert,454,B,9,101,G
56.5,1,Insert,455,A,9,99,G
56.7,1,Cancel,454,,,,G
56.7,1,Cancel,455,,,,G
56.75,1,Insert,456,B,9,101,G
56.75,1,Insert,457,A,9,99,G
56.95,1,Cancel,456,,,,G
56.95,1,Cancel,457,,,,G
57.0,1,Insert,458,B,9,101,G
57.0,1,Insert,459,A,9,99,G
57.2,1,Cancel,458,,,,G
57.2,1,Cancel,459,,,,G
57.25,1,Insert,460,B,9,101,G
57.25,1,Insert,461,A,9,99,G
57.45,1,Cancel,460,,,,G
57.45,1,Cancel,461,,,,G
57.5,1,Insert,462,B,9,101,G
57.5,1,Insert,463,A,9,99,G
57.7,1,Cancel,462,,,,G
57.7,1,Cancel,463,,,,G
57.75,1,Insert,464,B,9,101,G
57.75,1,Insert,465,A,9,99,G
57.95,1,Cancel,464,,,,G
57.95,1,Cancel,465,,,,G
58.0,1,Insert,466,B,9,101,G
58.0,1,Insert,467,A,9,99,G
58.2,1,Cancel,466,,,,G
58.2,1,Cancel,467,,,,G
58.25,1,Insert,468,B,9,101,G
58.25,1,Insert,469,A,9,99,G
58.45,1,Cancel,468,,,,G
58.45,1,Cancel,469,,,,G
58.5,1,Insert,470,B,9,101,G
58.5,1,Insert,471,A,9,99,G
58.7,1,Cancel,470,,,,G
58.7,1,Cancel,471,,,,G
58.75,1,Insert,472,B,9,101,G
58.75,1,Insert,473,A,9,99,G
58.95,1,Cancel,472,,,,G
58.95,1,Cancel,473,,,,G
59.0,1,Insert,474,B,9,101,G
59.0,1,Insert,475,A,9,99,G
59.2,1,Cancel,474,,,,G
59.2,1,Cancel,475,,,,G
59.25,1,Insert,476,B,9,101,G
59.25,1,Insert,477,A,9,99,G
59.45,1,Cancel,476,,,,G
59.45,1,Cancel,477,,,,G
59.5,1,Insert,478,B,9,101,G
59.5,1,Insert,479,A,9,99,G
59.7,1,Cancel,478,,,,G
59.7,1,Cancel,479,,,,G
59.75,1,Insert,480,B,9,101,G
59.75,1,Insert,481,A,9,99,G
59.95,1,Cancel,480,,,,G
59.95,1,Cancel,481,,,,G
60.0,1,Insert,482,B,9,101,G
60.0,1,Insert,483,A,9,99,G
60.2,1,Cancel,482,,,,G
60.2,1,Cancel,483,,,,G
60.25,1,Insert,484,B,9,101,G
60.25,1,Insert,485,A,9,99,G
60.45,1,Cancel,484,,,,G
60.45,1,Cancel,485,,,,G
60.5,1,Insert,486,B,9,101,G
60.5,1,Insert,487,A,9,99,G
60.7,1,Cancel,486,,,,G
60.7,1,Cancel,487,,,,G
60.75,1,Insert,488,B,9,101,G
60.75,1,Insert,489,A,9,99,G
60.95,1,Cancel,488,,,,G
60.95,1,Cancel,489,,,,G
61.0,1,Insert,490,B,9,101,G
61.0,1,Insert,491,A,9,99,G
61.2,1,Cancel,490,,,,G
61.2,1,Cancel,491,,,,G
61.25,1,Insert,492,B,9,101,G
61.25,1,Insert,493,A,9,99,G
61.45,1,Cancel,492,,,,G
61.45,1,Cancel,493,,,,G
61.5,1,Insert,494,B,9,101,G
61.5,1,Insert,495,A,9,99,G
61.7,1,Cancel,494,,,,G
61.7,1,Cancel,495,,,,G
61.75,1,Insert,496,B,9,101,G
61.75,1,Insert,497,A,9,99,G
61.95,1,Cancel,496,,,,G
61.95,1,Cancel,497,,,,G
62.0,1,Insert,498,B,9,101,G
62.0,1,Insert,499,A,9,99,G
62.2,1,Cancel,498,,,,G
62.2,1,Cancel,499,,,,G
62.25,1,Insert,500,B,9,101,G
62.25,1,Insert,501,A,9,99,G
62.45,1,Cancel,500,,,,G
62.45,1,Cancel,501,,,,G
62.5,1,Insert,502,B,9,101,G
62.5,1,Insert,503,A,9,99,G
62.7,1,Cancel,502,,,,G
62.7,1,Cancel,503,,,,G
62.75,1,Insert,504,B,9,101,G
62.75,1,Insert,505,A,9,99,G
62.95,1,Cancel,504,,,,G
62.95,1,Cancel,505,,,,G
63.0,1,Insert,506,B,9,101,G
63.0,1,Insert,507,A,9,99,G
63.2,1,Cancel,506,,,,G
63.2,1,Cancel,507,,,,G
63.25,1,Insert,508,B,9,101,G
63.25,1,Insert,509,A,9,99,G
63.45,1,Cancel,508,,,,G
63.45,1,Cancel,509,,,,G
63.5,1,Insert,510,B,9,101,G
63.5,1,Insert,511,A,9,99,G
63.7,1,Cancel,510,,,,G
63.7,1,Cancel,511,,,,G
63.75,1,Insert,512,B,9,101,G
63.75,1,Insert,513,A,9,99,G
63.95,1,Cancel,512,,,,G
63.95,1,Cancel,513,,,,G
64.0,1,Insert,514,B,9,101,G
64.0,1,Insert,515,A,9,99,G
64.2,1,Cancel,514,,,,G
64.2,1,Cancel,515,,,,G
64.25,1,Insert,516,B,9,101,G
64.25,1,Insert,517,A,9,99,G
64.45,1,Cancel,516,,,,G
64.45,1,Cancel,517,,,,G
64.5,1,Insert,518,B,9,101,G
64.5,1,Insert,519,A,9,99,G
64.7,1,Cancel,518,,,,G
64.7,1,Cancel,519,,,,G
64.75,1,Insert,520,B,9,101,G
64.75,1,Insert,521,A,9,99,G
64.95,1,Cancel,520,,,,G
64.95,1,Cancel,521,,,,G
65.0,1,Insert,522,B,9,101,G
65.0,1,Insert,523,A,9,99,G
65.2,1,Cancel,522,,,,G
65.2,1,Cancel,523,,,,G
65.25,1,Insert,524,B,9,101,G
65.25,1,Insert,525,A,9,99,G
65.45,1,Cancel,524,,,,G
65.45,1,Cancel,525,,,,G
65.5,1,Insert,526,B,9,101,G
65.5,1,Insert,527,A,9,99,G
65.7,1,Cancel,526,,,,G
65.7,1,Cancel,527,,,,G
65.75,1,Insert,528,B,9,101,G
65.75,1,Insert,529,A,9,99,G
65.95,1,Cancel,528,,,,G
65.95,1,Cancel,529,,,,G
66.0,1,Insert,530,B,9,101,G
66.0,1,Insert,531,A,9,99,G
66.2,1,Cancel,530,,,,G
66.2,1,Cancel,531,,,,G
66.25,1,Insert,532,B,9,101,G
66.25,1,Insert,533,A,9,99,G
66.45,1,Cancel,532,,,,G
66.45,1,Cancel,533,,,,G
66.5,1,Insert,534,B,9,101,G
66.5,1,Insert,535,A,9,99,G
66.7,1,Cancel,534,,,,G
66.7,1,Cancel,535,,,,G
66.75,1,Insert,536,B,9,101,G
66.75,1,Insert,537,A,9,99,G
66.95,1,Cancel,536,,,,G
66.95,1,Cancel,537,,,,G
67.0,1,Insert,538,B,9,101,G
67.0,1,Insert,539,A,9,99,G
67.2,1,Cancel,538,,,,G
67.2,1,Cancel,539,,,,G
67.25,1,Insert,540,B,9,101,G
67.25,1,Insert,541,A,9,99,G
67.45,1,Cancel,540,,,,G
67.45,1,Cancel,541,,,,G
67.5,1,Insert,542,B,9,101,G
67.5,1,Insert,543,A,9,99,G
67.7,1,Cancel,542,,,,G
67.7,1,Cancel,543,,,,G
67.75,1,Insert,544,B,9,101,G
67.75,1,Insert,545,A,9,99,G
67.95,1,Cancel,544,,,,G
67.95,1,Cancel,545,,,,G
68.0,1,Insert,546,B,9,101,G
68.0,1,Insert,547,A,9,99,G
68.2,1,Cancel,546,,,,G
68.2,1,Cancel,547,,,,G
68.25,1,Insert,548,B,9,101,G
68.25,1,Insert,549,A,9,99,G
68.45,1,Cancel,548,,,,G
68.45,1,Cancel,549,,,,G
68.5,1,Insert,550,B,9,101,G
68.5,1,Insert,551,A,9,99,G
68.7,1,Cancel,550,,,,G
68.7,1,Cancel,551,,,,G
68.75,1,Insert,552,B,9,101,G
68.75,1,Insert,553,A,9,99,G
68.95,1,Cancel,552,,,,G
68.95,1,Cancel,553,,,,G
69.0,1,Insert,554,B,9,101,G
69.0,1,Insert,555,A,9,99,G
69.2,1,Cancel,554,,,,G
69.2,1,Cancel,555,,,,G
69.25,1,Insert,556,B,9,101,G
69.25,1,Insert,557,A,9,99,G
69.45,1,Cancel,556,,,,G
69.45,1,Cancel,557,,,,G
69.5,1,Insert,558,B,9,101,G
69.5,1,Insert,559,A,9,99,G
69.7,1,Cancel,558,,,,G
69.7,1,Cancel,559,,,,G
69.75,1,Insert,560,B,9,101,G
69.75,1,Insert,561,A,9,99,G
69.95,1,Cancel,560,,,,G
69.95,1,Cancel,561,,,,G
70.0,1,Insert,562,B,9,101,G
70.0,1,Insert,563,A,9,99,G
70.2,1,Cancel,562,,,,G
70.2,1,Cancel,563,,,,G
70.25,1,Insert,564,B,9,101,G
70.25,1,Insert,565,A,9,99,G
70.45,1,Cancel,564,,,,G
70.45,1,Cancel,565,,,,G
70.5,1,Insert,566,B,9,101,G
70.5,1,Insert,567,A,9,99,G
70.7,1,Cancel,566,,,,G
70.7,1,Cancel,567,,,,G
70.75,1,Insert,568,B,9,101,G
70.75,1,Insert,569,A,9,99,G
70.95,1,Cancel,568,,,,G
70.95,1,Cancel,569,,,,G
71.0,1,Insert,570,B,9,101,G
71.0,1,Insert,571,A,9,99,G
71.2,1,Cancel,570,,,,G
71.2,1,Cancel,571,,,,G
71.25,1,Insert,572,B,9,101,G
71.25,1,Insert,573,A,9,99,G
71.45,1,Cancel,572,,,,G
71.45,1,Cancel,573,,,,G
71.5,1,Insert,574,B,9,101,G
71.5,1,Insert,575,A,9,99,G
71.7,1,Cancel,574,,,,G
71.7,1,Cancel,575,,,,G
71.75,1,Insert,576,B,9,101,G
71.75,1,Insert,577,A,9,99,G
71.95,1,Cancel,576,,,,G
71.95,1,Cancel,577,,,,G
72.0,1,Insert,578,B,9,101,G
72.0,1,Insert,579,A,9,99,G
72.2,1,Cancel,578,,,,G
72.2,1,Cancel,579,,,,G
72.25,1,Insert,580,B,9,101,G
72.25,1,Insert,581,A,9,99,G
72.45,1,Cancel,580,,,,G
72.45,1,Cancel,581,,,,G
72.5,1,Insert,582,B,9,101,G
72.5,1,Insert,583,A,9,99,G
72.7,1,Cancel,582,,,,G
72.7,1,Cancel,583,,,,G
72.75,1,Insert,584,B,9,101,G
72.75,1,Insert,585,A,9,99,G
72.95,1,Cancel,584,,,,G
72.95,1,Cancel,585,,,,G
73.0,1,Insert,586,B,9,101,G
73.0,1,Insert,587,A,9,99,G
73.2,1,Cancel,586,,,,G
73.2,1,Cancel,587,,,,G
73.25,1,Insert,588,B,9,101,G
73.25,1,Insert,589,A,9,99,G
73.45,1,Cancel,588,,,,G
73.45,1,Cancel,589,,,,G
73.5,1,Insert,590,B,9,101,G
73.5,1,Insert,591,A,9,99,G
73.7,1,Cancel,590,,,,G
73.7,1,Cancel,591,,,,G
73.75,1,Insert,592,B,9,101,G
73.75,1,Insert,593,A,9,99,G
73.95,1,Cancel,592,,,,G
73.95,1,Cancel,593,,,,G
74.0,1,Insert,594,B,9,101,G
74.0,1,Insert,595,A,9,99,G
74.2,1,Cancel,594,,,,G
74.2,1,Cancel,595,,,,G
74.25,1,Insert,596,B,9,101,G
74.25,1,Insert,597,A,9,99,G
74.45,1,Cancel,596,,,,G
74.45,1,Cancel,597,,,,G
74.5,1,Insert,598,B,9,101,G
74.5,1,Insert,599,A,9,99,G
74.7,1,Cancel,598,,,,G
74.7,1,Cancel,599,,,,G
74.75,1,Insert,600,B,9,101,G
74.75,1,Insert,601,A,9,99,G
74.95,1,Cancel,600,,,,G
74.95,1,Cancel,601,,,,G
75.0,1,Insert,602,B,9,101,G
75.0,1,Insert,603,A,9,99,G
75.2,1,Cancel,602,,,,G
75.2,1,Cancel,603,,,,G
75.25,1,Insert,604,B,9,101,G
75.25,1,Insert,605,A,9,99,G
75.45,1,Cancel,604,,,,G
75.45,1,Cancel,605,,,,G
75.5,1,Insert,606,B,9,101,G
75.5,1,Insert,607,A,9,99,G
75.7,1,Cancel,606,,,,G
75.7,1,Cancel,607,,,,G
75.75,1,Insert,608,B,9,101,G
75.75,1,Insert,609,A,9,99,G
75.95,1,Cancel,608,,,,G
75.95,1,Cancel,609,,,,G
76.0,1,Insert,610,B,9,101,G
76.0,1,Insert,611,A,9,99,G
76.2,1,Cancel,610,,,,G
76.2,1,Cancel,611,,,,G
76.25,1,Insert,612,B,9,101,G
76.25,1,Insert,613,A,9,99,G
76.45,1,Cancel,612,,,,G
76.45,1,Cancel,613,,,,G
76.5,1,Insert,614,B,9,101,G
76.5,1,Insert,615,A,9,99,G
76.7,1,Cancel,614,,,,G
76.7,1,Cancel,615,,,,G
76.75,1,Insert,616,B,9,101,G
76.75,1,Insert,617,A,9,99,G
76.95,1,Cancel,616,,,,G
76.95,1,Cancel,617,,,,G
77.0,1,Insert,618,B,9,101,G
77.0,1,Insert,619,A,9,99,G
77.2,1,Cancel,618,,,,G
77.2,1,Cancel,619,,,,G
77.25,1,Insert,620,B,9,101,G
77.25,1,Insert,621,A,9,99,G
77.45,1,Cancel,620,,,,G
77.45,1,Cancel,621,,,,G
77.5,1,Insert,622,B,9,101,G
77.5,1,Insert,623,A,9,99,G
77.7,1,Cancel,622,,,,G
77.7,1,Cancel,623,,,,G
77.75,1,Insert,624,B,9,101,G
77.75,1,Insert,625,A,9,99,G
77.95,1,Cancel,624,,,,G
77.95,1,Cancel,625,,,,G
78.0,1,Insert,626,B,9,101,G
78.0,1,Insert,627,A,9,99,G
78.2,1,Cancel,626,,,,G
78.2,1,Cancel,627,,,,G
78.25,1,Insert,628,B,9,101,G
78.25,1,Insert,629,A,9,99,G
78.45,1,Cancel,628,,,,G
78.45,1,Cancel,629,,,,G
78.5,1,Insert,630,B,9,101,G
78.5,1,Insert,631,A,9,99,G
78.7,1,Cancel,630,,,,G
78.7,1,Cancel,631,,,,G
78.75,1,Insert,632,B,9,101,G
78.75,1,Insert,633,A,9,99,G
78.95,1,Cancel,632,,,,G
78.95,1,Cancel,633,,,,G
79.0,1,Insert,634,B,9,101,G
79.0,1,Insert,635,A,9,99,G
79.2,1,Cancel,634,,,,G
79.2,1,Cancel,635,,,,G
79.25,1,Insert,636,B,9,101,G
79.25,1,Insert,637,A,9,99,G
79.45,1,Cancel,636,,,,G
79.45,1,Cancel,637,,,,G
79.5,1,Insert,638,B,9,101,G
79.5,1,Insert,639,A,9,99,G
79.7,1,Cancel,638,,,,G
79.7,1,Cancel,639,,,,G
79.75,1,Insert,640,B,9,101,G
79.75,1,Insert,641,A,9,99,G
79.95,1,Cancel,640,,,,G
79.95,1,Cancel,641,,,,G
80.0,1,Insert,642,B,9,101,G
80.0,1,Insert,643,A,9,99,G
80.2,1,Cancel,642,,,,G
80.2,1,Cancel,643,,,,G
80.25,1,Insert,644,B,9,101,G
80.25,1,Insert,645,A,9,99,G
80.45,1,Cancel,644,,,,G
80.45,1,Cancel,645,,,,G
80.5,1,Insert,646,B,9,101,G
80.5,1,Insert,647,A,9,99,G
80.7,1,Cancel,646,,,,G
80.7,1,Cancel,647,,,,G
80.75,1,Insert,648,B,9,101,G
80.75,1,Insert,649,A,9,99,G
80.95,1,Cancel,648,,,,G
80.95,1,Cancel,649,,,,G
81.0,1,Insert,650,B,9,101,G
81.0,1,Insert,651,A,9,99,G
81.2,1,Cancel,650,,,,G
81.2,1,Cancel,651,,,,G
81.25,1,Insert,652,B,9,101,G
81.25,1,Insert,653,A,9,99,G
81.45,1,Cancel,652,,,,G
81.45,1,Cancel,653,,,,G
81.5,1,Insert,654,B,9,101,G
81.5,1,Insert,655,A,9,99,G
81.7,1,Cancel,654,,,,G
81.7,1,Cancel,655,,,,G
81.75,1,Insert,656,B,9,101,G
81.75,1,Insert,657,A,9,99,G
81.95,1,Cancel,656,,,,G
81.95,1,Cancel,657,,,,G
82.0,1,Insert,658,B,9,101,G
82.0,1,Insert,659,A,9,99,G
82.2,1,Cancel,658,,,,G
82.2,1,Cancel,659,,,,G
82.25,1,Insert,660,B,9,101,G
82.25,1,Insert,661,A,9,99,G
82.45,1,Cancel,660,,,,G
82.45,1,Cancel,661,,,,G
82.5,1,Insert,662,B,9,101,G
82.5,1,Insert,663,A,9,99,G
82.7,1,Cancel,662,,,,G
82.7,1,Cancel,663,,,,G
82.75,1,Insert,664,B,9,101,G
82.75,1,Insert,665,A,9,99,G
82.95,1,Cancel,664,,,,G
82.95,1,Cancel,665,,,,G
83.0,1,Insert,666,B,9,101,G
83.0,1,Insert,667,A,9,99,G
83.2,1,Cancel,666,,,,G
83.2,1,Cancel,667,,,,G
83.25,1,Insert,668,B,9,101,G
83.25,1,Insert,669,A,9,99,G
83.45,1,Cancel,668,,,,G
83.45,1,Cancel,669,,,,G
83.5,1,Insert,670,B,9,101,G
83.5,1,Insert,671,A,9,99,G
83.7,1,Cancel,670,,,,G
83.7,1,Cancel,671,,,,G
83.75,1,Insert,672,B,9,101,G
83.75,1,Insert,673,A,9,99,G
83.95,1,Cancel,672,,,,G
83.95,1,Cancel,673,,,,G
84.0,1,Insert,674,B,9,101,G
84.0,1,Insert,675,A,9,99,G
84.2,1,Cancel,674,,,,G
84.2,1,Cancel,675,,,,G
84.25,1,Insert,676,B,9,101,G
84.25,1,Insert,677,A,9,99,G
84.45,1,Cancel,676,,,,G
84.45,1,Cancel,677,,,,G
84.5,1,Insert,678,B,9,101,G
84.5,1,Insert,679,A,9,99,G
84.7,1,Cancel,678,,,,G
84.7,1,Cancel,679,,,,G
84.75,1,Insert,680,B,9,101,G
84.75,1,Insert,681,A,9,99,G
84.95,1,Cancel,680,,,,G
84.95,1,Cancel,681,,,,G
85.0,1,Insert,682,B,9,101,G
85.0,1,Insert,683,A,9,99,G
85.2,1,Cancel,682,,,,G
85.2,1,Cancel,683,,,,G
85.25,1,Insert,684,B,9,101,G
85.25,1,Insert,685,A,9,99,G
85.45,1,Cancel,684,,,,G
85.45,1,Cancel,685,,,,G
85.5,1,Insert,686,B,9,101,G
85.5,1,Insert,687,A,9,99,G
85.7,1,Cancel,686,,,,G
85.7,1,Cancel,687,,,,G
85.75,1,Insert,688,B,9,101,G
85.75,1,Insert,689,A,9,99,G
85.95,1,Cancel,688,,,,G
85.95,1,Cancel,689,,,,G
86.0,1,Insert,690,B,9,101,G
86.0,1,Insert,691,A,9,99,G
86.2,1,Cancel,690,,,,G
86.2,1,Cancel,691,,,,G
86.25,1,Insert,692,B,9,101,G
86.25,1,Insert,693,A,9,99,G
86.45,1,Cancel,692,,,,G
86.45,1,Cancel,693,,,,G
86.5,1,Insert,694,B,9,101,G
86.5,1,Insert,695,A,9,99,G
86.7,1,Cancel,694,,,,G
86.7,1,Cancel,695,,,,G
86.75,1,Insert,696,B,9,101,G
86.75,1,Insert,697,A,9,99,G
86.95,1,Cancel,696,,,,G
86.95,1,Cancel,697,,,,G
87.0,1,Insert,698,B,9,101,G
87.0,1,Insert,699,A,9,99,G
87.2,1,Cancel,698,,,,G
87.2,1,Cancel,699,,,,G
87.25,1,Insert,700,B,9,101,G
87.25,1,Insert,701,A,9,99,G
87.45,1,Cancel,700,,,,G
87.45,1,Cancel,701,,,,G
87.5,1,Insert,702,B,9,101,G
87.5,1,Insert,703,A,9,99,G
87.7,1,Cancel,702,,,,G
87.7,1,Cancel,703,,,,G
87.75,1,Insert,704,B,9,101,G
87.75,1,Insert,705,A,9,99,G
87.95,1,Cancel,704,,,,G
87.95,1,Cancel,705,,,,G
88.0,1,Insert,706,B,9,101,G
88.0,1,Insert,707,A,9,99,G
88.2,1,Cancel,706,,,,G
88.2,1,Cancel,707,,,,G
88.25,1,Insert,708,B,9,101,G
88.25,1,Insert,709,A,9,99,G
88.45,1,Cancel,708,,,,G
88.45,1,Cancel,709,,,,G
88.5,1,Insert,710,B,9,101,G
88.5,1,Insert,711,A,9,99,G
88.7,1,Cancel,710,,,,G
88.7,1,Cancel,711,,,,G
88.75,1,Insert,712,B,9,101,G
88.75,1,Insert,713,A,9,99,G
88.95,1,Cancel,712,,,,G
88.95,1,Cancel,713,,,,G
89.0,1,Insert,714,B,9,101,G
89.0,1,Insert,715,A,9,99,G
89.2,1,Cancel,714,,,,G
89.2,1,Cancel,715,,,,G
89.25,1,Insert,716,B,9,101,G
89.25,1,Insert,717,A,9,99,G
89.45,1,Cancel,716,,,,G
89.45,1,Cancel,717,,,,G
89.5,1,Insert,718,B,9,101,G
89.5,1,Insert,719,A,9,99,G
89.7,1,Cancel,718,,,,G
89.7,1,Cancel,719,,,,G
89.75,1,Insert,720,B,9,101,G
89.75,1,Insert,721,A,9,99,G
89.95,1,Cancel,720,,,,G
89.95,1,Cancel,721,,,,G
90.0,1,Insert,722,B,9,101,G
90.0,1,Insert,723,A,9,99,G
90.2,1,Cancel,722,,,,G
90.2,1,Cancel,723,,,,G
90.25,1,Insert,724,B,9,101,G
90.25,1,Insert,725,A,9,99,G
90.45,1,Cancel,724,,,,G
90.45,1,Cancel,725,,,,G
90.5,1,Insert,726,B,9,101,G
90.5,1,Insert,727,A,9,99,G
90.7,1,Cancel,726,,,,G
90.7,1,Cancel,727,,,,G
90.75,1,Insert,728,B,9,101,G
90.75,1,Insert,729,A,9,99,G
90.95,1,Cancel,728,,,,G
90.95,1,Cancel,729,,,,G
91.0,1,Insert,730,B,9,101,G
91.0,1,Insert,731,A,9,99,G
91.2,1,Cancel,730,,,,G
91.2,1,Cancel,731,,,,G
91.25,1,Insert,732,B,9,101,G
91.25,1,Insert,733,A,9,99,G
91.45,1,Cancel,732,,,,G
91.45,1,Cancel,733,,,,G
91.5,1,Insert,734,B,9,101,G
91.5,1,Insert,735,A,9,99,G
91.7,1,Cancel,734,,,,G
91.7,1,Cancel,735,,,,G
91.75,1,Insert,736,B,9,101,G
91.75,1,Insert,737,A,9,99,G
91.95,1,Cancel,736,,,,G
91.95,1,Cancel,737,,,,G
92.0,1,Insert,738,B,9,101,G
92.0,1,Insert,739,A,9,99,G
92.2,1,Cancel,738,,,,G
92.2,1,Cancel,739,,,,G
92.25,1,Insert,740,B,9,101,G
92.25,1,Insert,741,A,9,99,G
92.45,1,Cancel,740,,,,G
92.45,1,Cancel,741,,,,G
92.5,1,Insert,742,B,9,101,G
92.5,1,Insert,743,A,9,99,G
92.7,1,Cancel,742,,,,G
92.7,1,Cancel,743,,,,G
92.75,1,Insert,744,B,9,101,G
92.75,1,Insert,745,A,9,99,G
92.95,1,Cancel,744,,,,G
92.95,1,Cancel,745,,,,G
93.0,1,Insert,746,B,9,101,G
93.0,1,Insert,747,A,9,99,G
93.2,1,Cancel,746,,,,G
93.2,1,Cancel,747,,,,G
93.25,1,Insert,748,B,9,101,G
93.25,1,Insert,749,A,9,99,G
93.45,1,Cancel,748,,,,G
93.45,1,Cancel,749,,,,G
93.5,1,Insert,750,B,9,101,G
93.5,1,Insert,751,A,9,99,G
93.7,1,Cancel,750,,,,G
93.7,1,Cancel,751,,,,G
93.75,1,Insert,752,B,9,101,G
93.75,1,Insert,753,A,9,99,G
93.95,1,Cancel,752,,,,G
93.95,1,Cancel,753,,,,G
94.0,1,Insert,754,B,9,101,G
94.0,1,Insert,755,A,9,99,G
94.2,1,Cancel,754,,,,G
94.2,1,Cancel,755,,,,G
94.25,1,Insert,756,B,9,101,G
94.25,1,Insert,757,A,9,99,G
94.45,1,Cancel,756,,,,G
94.45,1,Cancel,757,,,,G
94.5,1,Insert,758,B,9,101,G
94.5,1,Insert,759,A,9,99,G
94.7,1,Cancel,758,,,,G
94.7,1,Cancel,759,,,,G
94.75,1,Insert,760,B,9,101,G
94.75,1,Insert,761,A,9,99,G
94.95,1,Cancel,760,,,,G
94.95,1,Cancel,761,,,,G
95.0,1,Insert,762,B,9,101,G
95.0,1,Insert,763,A,9,99,G
95.2,1,Cancel,762,,,,G
95.2,1,Cancel,763,,,,G
95.25,1,Insert,764,B,9,101,G
95.25,1,Insert,765,A,9,99,G
95.45,1,Cancel,764,,,,G
95.45,1,Cancel,765,,,,G
95.5,1,Insert,766,B,9,101,G
95.5,1,Insert,767,A,9,99,G
95.7,1,Cancel,766,,,,G
95.7,1,Cancel,767,,,,G
95.75,1,Insert,768,B,9,101,G
95.75,1,Insert,769,A,9,99,G
95.95,1,Cancel,768,,,,G
95.95,1,Cancel,769,,,,G
96.0,1,Insert,770,B,9,101,G
96.0,1,Insert,771,A,9,99,G
96.2,1,Cancel,770,,,,G
96.2,1,Cancel,771,,,,G
96.25,1,Insert,772,B,9,101,G
96.25,1,Insert,773,A,9,99,G
96.45,1,Cancel,772,,,,G
96.45,1,Cancel,773,,,,G
96.5,1,Insert,774,B,9,101,G
96.5,1,Insert,775,A,9,99,G
96.7,1,Cancel,774,,,,G
96.7,1,Cancel,775,,,,G
96.75,1,Insert,776,B,9,101,G
96.75,1,Insert,777,A,9,99,G
96.95,1,Cancel,776,,,,G
96.95,1,Cancel,777,,,,G
97.0,1,Insert,778,B,9,101,G
97.0,1,Insert,779,A,9,99,G
97.2,1,Cancel,778,,,,G
97.2,1,Cancel,779,,,,G
97.25,1,Insert,780,B,9,101,G
97.25,1,Insert,781,A,9,99,G
97.45,1,Cancel,780,,,,G
97.45,1,Cancel,781,,,,G
97.5,1,Insert,782,B,9,101,G
97.5,1,Insert,783,A,9,99,G
97.7,1,Cancel,782,,,,G
97.7,1,Cancel,783,,,,G
97.75,1,Insert,784,B,9,101,G
97.75,1,Insert,785,A,9,99,G
97.95,1,Cancel,784,,,,G
97.95,1,Cancel,785,,,,G
98.0,1,Insert,786,B,9,101,G
98.0,1,Insert,787,A,9,99,G
98.2,1,Cancel,786,,,,G
98.2,1,Cancel,787,,,,G
98.25,1,Insert,788,B,9,101,G
98.25,1,Insert,789,A,9,99,G
98.45,1,Cancel,788,,,,G
98.45,1,Cancel,789,,,,G
98.5,1,Insert,790,B,9,101,G
98.5,1,Insert,791,A,9,99,G
98.7,1,Cancel,790,,,,G
98.7,1,Cancel,791,,,,G
98.75,1,Insert,792,B,9,101,G
98.75,1,Insert,793,A,9,99,G
98.95,1,Cancel,792,,,,G
98.95,1,Cancel,793,,,,G
99.0,1,Insert,794,B,9,101,G
99.0,1,Insert,795,A,9,99,G
99.2,1,Cancel,794,,,,G
99.2,1,Cancel,795,,,,G
99.25,1,Insert,796,B,9,101,G
99.25,1,Insert,797,A,9,99,G
99.45,1,Cancel,796,,,,G
99.45,1,Cancel,797,,,,G
99.5,1,Insert,798,B,9,101,G
99.5,1,Insert,799,A,9,99,G
99.7,1,Cancel,798,,,,G
99.7,1,Cancel,799,,,,G
99.75,1,Insert,800,B,9,101,G
99.75,1,Insert,801,A,9,99,G
99.95,1,Cancel,800,,,,G
99.95,1,Cancel,801,,,,G
100.0,1,Insert,802,B,9,101,G
100.0,1,Insert,803,A,9,99,G
100.2,1,Cancel,802,,,,G
100.2,1,Cancel,803,,,,G
100.25,1,Insert,804,B,9,101,G
100.25,1,Insert,805,A,9,99,G
100.45,1,Cancel,804,,,,G
100.45,1,Cancel,805,,,,G
100.5,1,Insert,806,B,9,101,G
100.5,1,Insert,807,A,9,99,G
100.7,1,Cancel,806,,,,G
100.7,1,Cancel,807,,,,G
100.75,1,Insert,808,B,9,101,G
100.75,1,Insert,809,A,9,99,G
100.95,1,Cancel,808,,,,G
100.95,1,Cancel,809,,,,G
101.0,1,Insert,810,B,9,101,G
101.0,1,Insert,811,A,9,99,G
101.2,1,Cancel,810,,,,G
101.2,1,Cancel,811,,,,G
101.25,1,Insert,812,B,9,101,G
101.25,1,Insert,813,A,9,99,G
101.45,1,Cancel,812,,,,G
101.45,1,Cancel,813,,,,G
101.5,1,Insert,814,B,9,101,G
101.5,1,Insert,815,A,9,99,G
101.7,1,Cancel,814,,,,G
101.7,1,Cancel,815,,,,G
101.75,1,Insert,816,B,9,101,G
101.75,1,Insert,817,A,9,99,G
101.95,1,Cancel,816,,,,G
101.95,1,Cancel,817,,,,G
102.0,1,Insert,818,B,9,101,G
102.0,1,Insert,819,A,9,99,G
102.2,1,Cancel,818,,,,G
102.2,1,Cancel,819,,,,G
102.25,1,Insert,820,B,9,101,G
102.25,1,Insert,821,A,9,99,G
102.45,1,Cancel,820,,,,G
102.45,1,Cancel,821,,,,G
102.5,1,Insert,822,B,9,101,G
102.5,1,Insert,823,A,9,99,G
102.7,1,Cancel,822,,,,G
102.7,1,Cancel,823,,,,G
102.75,1,Insert,824,B,9,101,G
102.75,1,Insert,825,A,9,99,G
102.95,1,Cancel,824,,,,G
102.95,1,Cancel,825,,,,G
103.0,1,Insert,826,B,9,101,G
103.0,1,Insert,827,A,9,99,G
103.2,1,Cancel,826,,,,G
103.2,1,Cancel,827,,,,G
103.25,1,Insert,828,B,9,101,G
103.25,1,Insert,829,A,9,99,G
103.45,1,Cancel,828,,,,G
103.45,1,Cancel,829,,,,G
103.5,1,Insert,830,B,9,101,G
103.5,1,Insert,831,A,9,99,G
103.7,1,Cancel,830,,,,G
103.7,1,Cancel,831,,,,G
103.75,1,Insert,832,B,9,101,G
103.75,1,Insert,833,A,9,99,G
103.95,1,Cancel,832,,,,G
103.95,1,Cancel,833,,,,G
104.0,1,Insert,834,B,9,101,G
104.0,1,Insert,835,A,9,99,G
104.2,1,Cancel,834,,,,G
104.2,1,Cancel,835,,,,G
104.25,1,Insert,836,B,9,101,G
104.25,1,Insert,837,A,9,99,G
104.45,1,Cancel,836,,,,G
104.45,1,Cancel,837,,,,G
104.5,1,Insert,838,B,9,101,G
104.5,1,Insert,839,A,9,99,G
104.7,1,Cancel,838,,,,G
104.7,1,Cancel,839,,,,G
104.75,1,Insert,840,B,9,101,G
104.75,1,Insert,841,A,9,99,G
104.95,1,Cancel,840,,,,G
104.95,1,Cancel,841,,,,G
105.0,1,Insert,842,B,9,101,G
105.0,1,Insert,843,A,9,99,G
105.2,1,Cancel,842,,,,G
105.2,1,Cancel,843,,,,G
105.25,1,Insert,844,B,9,101,G
105.25,1,Insert,845,A,9,99,G
105.45,1,Cancel,844,,,,G
105.45,1,Cancel,845,,,,G
105.5,1,Insert,846,B,9,101,G
105.5,1,Insert,847,A,9,99,G
105.7,1,Cancel,846,,,,G
105.7,1,Cancel,847,,,,G
105.75,1,Insert,848,B,9,101,G
105.75,1,Insert,849,A,9,99,G
105.95,1,Cancel,848,,,,G
105.95,1,Cancel,849,,,,G
106.0,1,Insert,850,B,9,101,G
106.0,1,Insert,851,A,9,99,G
106.2,1,Cancel,850,,,,G
106.2,1,Cancel,851,,,,G
106.25,1,Insert,852,B,9,101,G
106.25,1,Insert,853,A,9,99,G
106.45,1,Cancel,852,,,,G
106.45,1,Cancel,853,,,,G
106.5,1,Insert,854,B,9,101,G
106.5,1,Insert,855,A,9,99,G
106.7,1,Cancel,854,,,,G
106.7,1,Cancel,855,,,,G
106.75,1,Insert,856,B,9,101,G
106.75,1,Insert,857,A,9,99,G
106.95,1,Cancel,856,,,,G
106.95,1,Cancel,857,,,,G
107.0,1,Insert,858,B,9,101,G
107.0,1,Insert,859,A,9,99,G
107.2,1,Cancel,858,,,,G
107.2,1,Cancel,859,,,,G
107.25,1,Insert,860,B,9,101,G
107.25,1,Insert,861,A,9,99,G
107.45,1,Cancel,860,,,,G
107.45,1,Cancel,861,,,,G
107.5,1,Insert,862,B,9,101,G
107.5,1,Insert,863,A,9,99,G
107.7,1,Cancel,862,,,,G
107.7,1,Cancel,863,,,,G
107.75,1,Insert,864,B,9,101,G
107.75,1,Insert,865,A,9,99,G
107.95,1,Cancel,864,,,,G
107.95,1,Cancel,865,,,,G
108.0,1,Insert,866,B,9,101,G
108.0,1,Insert,867,A,9,99,G
108.2,1,Cancel,866,,,,G
108.2,1,Cancel,867,,,,G
108.25,1,Insert,868,B,9,101,G
108.25,1,Insert,869,A,9,99,G
108.45,1,Cancel,868,,,,G
108.45,1,Cancel,869,,,,G
108.5,1,Insert,870,B,9,101,G
108.5,1,Insert,871,A,9,99,G
108.7,1,Cancel,870,,,,G
108.7,1,Cancel,871,,,,G
108.75,1,Insert,872,B,9,101,G
108.75,1,Insert,873,A,9,99,G
108.95,1,Cancel,872,,,,G
108.95,1,Cancel,873,,,,G
109.0,1,Insert,874,B,9,101,G
109.0,1,Insert,875,A,9,99,G
109.2,1,Cancel,874,,,,G
109.2,1,Cancel,875,,,,G
109.25,1,Insert,876,B,9,101,G
109.25,1,Insert,877,A,9,99,G
109.45,1,Cancel,876,,,,G
109.45,1,Cancel,877,,,,G
109.5,1,Insert,878,B,9,101,G
109.5,1,Insert,879,A,9,99,G
109.7,1,Cancel,878,,,,G
109.7,1,Cancel,879,,,,G
109.75,1,Insert,880,B,9,101,G
109.75,1,Insert,881,A,9,99,G
109.95,1,Cancel,880,,,,G
109.95,1,Cancel,881,,,,G
110.0,1,Insert,882,B,9,101,G
110.0,1,Insert,883,A,9,99,G
110.2,1,Cancel,882,,,,G
110.2,1,Cancel,883,,,,G
110.25,1,Insert,884,B,9,101,G
110.25,1,Insert,885,A,9,99,G
110.45,1,Cancel,884,,,,G
110.45,1,Cancel,885,,,,G
110.5,1,Insert,886,B,9,101,G
110.5,1,Insert,887,A,9,99,G
110.7,1,Cancel,886,,,,G
110.7,1,Cancel,887,,,,G
110.75,1,Insert,888,B,9,101,G
110.75,1,Insert,889,A,9,99,G
110.95,1,Cancel,888,,,,G
110.95,1,Cancel,889,,,,G
111.0,1,Insert,890,B,9,101,G
111.0,1,Insert,891,A,9,99,G
111.2,1,Cancel,890,,,,G
111.2,1,Cancel,891,,,,G
111.25,1,Insert,892,B,9,101,G
111.25,1,Insert,893,A,9,99,G
111.45,1,Cancel,892,,,,G
111.45,1,Cancel,893,,,,G
111.5,1,Insert,894,B,9,101,G
111.5,1,Insert,895,A,9,99,G
111.7,1,Cancel,894,,,,G
111.7,1,Cancel,895,,,,G
111.75,1,Insert,896,B,9,101,G
111.75,1,Insert,897,A,9,99,G
111.95,1,Cancel,896,,,,G
111.95,1,Cancel,897,,,,G
112.0,1,Insert,898,B,9,101,G
112.0,1,Insert,899,A,9,99,G
112.2,1,Cancel,898,,,,G
112.2,1,Cancel,899,,,,G
112.25,1,Insert,900,B,9,101,G
112.25,1,Insert,901,A,9,99,G
112.45,1,Cancel,900,,,,G
112.45,1,Cancel,901,,,,G
112.5,1,Insert,902,B,9,101,G
112.5,1,Insert,903,A,9,99,G
112.7,1,Cancel,902,,,,G
112.7,1,Cancel,903,,,,G
112.75,1,Insert,904,B,9,101,G
112.75,1,Insert,905,A,9,99,G
112.95,1,Cancel,904,,,,G
112.95,1,Cancel,905,,,,G
113.0,1,Insert,906,B,9,101,G
113.0,1,Insert,907,A,9,99,G
113.2,1,Cancel,906,,,,G
113.2,1,Cancel,907,,,,G
113.25,1,Insert,908,B,9,101,G
113.25,1,Insert,909,A,9,99,G
113.45,1,Cancel,908,,,,G
113.45,1,Cancel,909,,,,G
113.5,1,Insert,910,B,9,101,G
113.5,1,Insert,911,A,9,99,G
113.7,1,Cancel,910,,,,G
113.7,1,Cancel,911,,,,G
113.75,1,Insert,912,B,9,101,G
113.75,1,Insert,913,A,9,99,G
113.95,1,Cancel,912,,,,G
113.95,1,Cancel,913,,,,G
114.0,1,Insert,914,B,9,101,G
114.0,1,Insert,915,A,9,99,G
114.2,1,Cancel,914,,,,G
114.2,1,Cancel,915,,,,G
114.25,1,Insert,916,B,9,101,G
114.25,1,Insert,917,A,9,99,G
114.45,1,Cancel,916,,,,G
114.45,1,Cancel,917,,,,G
114.5,1,Insert,918,B,9,101,G
114.5,1,Insert,919,A,9,99,G
114.7,1,Cancel,918,,,,G
114.7,1,Cancel,919,,,,G
114.75,1,Insert,920,B,9,101,G
114.75,1,Insert,921,A,9,99,G
114.95,1,Cancel,920,,,,G
114.95,1,Cancel,921,,,,G
115.0,1,Insert,922,B,9,101,G
115.0,1,Insert,923,A,9,99,G
115.2,1,Cancel,922,,,,G
115.2,1,Cancel,923,,,,G
115.25,1,Insert,924,B,9,101,G
115.25,1,Insert,925,A,9,99,G
115.45,1,Cancel,924,,,,G
115.45,1,Cancel,925,,,,G
115.5,1,Insert,926,B,9,101,G
115.5,1,Insert,927,A,9,99,G
115.7,1,Cancel,926,,,,G
115.7,1,Cancel,927,,,,G
115.75,1,Insert,928,B,9,101,G
115.75,1,Insert,929,A,9,99,G
115.95,1,Cancel,928,,,,G
115.95,1,Cancel,929,,,,G
116.0,1,Insert,930,B,9,101,G
116.0,1,Insert,931,A,9,99,G
116.2,1,Cancel,930,,,,G
116.2,1,Cancel,931,,,,G
116.25,1,Insert,932,B,9,101,G
116.25,1,Insert,933,A,9,99,G
116.45,1,Cancel,932,,,,G
116.45,1,Cancel,933,,,,G
116.5,1,Insert,934,B,9,101,G
116.5,1,Insert,935,A,9,99,G
116.7,1,Cancel,934,,,,G
116.7,1,Cancel,935,,,,G
116.75,1,Insert,936,B,9,101,G
116.75,1,Insert,937,A,9,99,G
116.95,1,Cancel,936,,,,G
116.95,1,Cancel,937,,,,G
117.0,1,Insert,938,B,9,101,G
117.0,1,Insert,939,A,9,99,G
117.2,1,Cancel,938,,,,G
117.2,1,Cancel,939,,,,G
117.25,1,Insert,940,B,9,101,G
117.25,1,Insert,941,A,9,99,G
117.45,1,Cancel,940,,,,G
117.45,1,Cancel,941,,,,G
117.5,1,Insert,942,B,9,101,G
117.5,1,Insert,943,A,9,99,G
117.7,1,Cancel,942,,,,G
117.7,1,Cancel,943,,,,G
117.75,1,Insert,944,B,9,101,G
117.75,1,Insert,945,A,9,99,G
117.95,1,Cancel,944,,,,G
117.95,1,Cancel,945,,,,G
118.0,1,Insert,946,B,9,101,G
118.0,1,Insert,947,A,9,99,G
118.2,1,Cancel,946,,,,G
118.2,1,Cancel,947,,,,G
118.25,1,Insert,948,B,9,101,G
118.25,1,Insert,949,A,9,99,G
118.45,1,Cancel,948,,,,G
118.45,1,Cancel,949,,,,G
118.5,1,Insert,950,B,9,101,G
118.5,1,Insert,951,A,9,99,G
118.7,1,Cancel,950,,,,G
118.7,1,Cancel,951,,,,G
118.75,1,Insert,952,B,9,101,G
118.75,1,Insert,953,A,9,99,G
118.95,1,Cancel,952,,,,G
118.95,1,Cancel,953,,,,G
119.0,1,Insert,954,B,9,101,G
119.0,1,Insert,955,A,9,99,G
119.2,1,Cancel,954,,,,G
119.2,1,Cancel,955,,,,G
119.25,1,Insert,956,B,9,101,G
119.25,1,Insert,957,A,9,99,G
119.45,1,Cancel,956,,,,G
119.45,1,Cancel,957,,,,G
119.5,1,Insert,958,B,9,101,G
119.5,1,Insert,959,A,9,99,G
119.7,1,Cancel,958,,,,G
119.7,1,Cancel,959,,,,G
119.75,1,Insert,960,B,9,101,G
119.75,1,Insert,961,A,9,99,G
119.95,1,Cancel,960,,,,G
119.95,1,Cancel,961,,,,G
120.0,1,Insert,962,B,9,101,G
120.0,1,Insert,963,A,9,99,G
120.2,1,Cancel,962,,,,G
120.2,1,Cancel,963,,,,G
120.25,1,Insert,964,B,9,101,G
120.25,1,Insert,965,A,9,99,G
120.45,1,Cancel,964,,,,G
120.45,1,Cancel,965,,,,G
120.5,1,Insert,966,B,9,101,G
120.5,1,Insert,967,A,9,99,G
120.7,1,Cancel,966,,,,G
120.7,1,Cancel,967,,,,G
120.75,1,Insert,968,B,9,101,G
120.75,1,Insert,969,A,9,99,G
120.95,1,Cancel,968,,,,G
120.95,1,Cancel,969,,,,G
121.0,1,Insert,970,B,9,101,G
121.0,1,Insert,971,A,9,99,G
121.2,1,Cancel,970,,,,G
121.2,1,Cancel,971,,,,G
121.25,1,Insert,972,B,9,101,G
121.25,1,Insert,973,A,9,99,G
121.45,1,Cancel,972,,,,G
121.45,1,Cancel,973,,,,G
121.5,1,Insert,974,B,9,101,G
121.5,1,Insert,975,A,9,99,G
121.7,1,Cancel,974,,,,G
121.7,1,Cancel,975,,,,G
121.75,1,Insert,976,B,9,101,G
121.75,1,Insert,977,A,9,99,G
121.95,1,Cancel,976,,,,G
121.95,1,Cancel,977,,,,G
122.0,1,Insert,978,B,9,101,G
122.0,1,Insert,979,A,9,99,G
122.2,1,Cancel,978,,,,G
122.2,1,Cancel,979,,,,G
122.25,1,Insert,980,B,9,101,G
122.25,1,Insert,981,A,9,99,G
122.45,1,Cancel,980,,,,G
122.45,1,Cancel,981,,,,G
122.5,1,Insert,982,B,9,101,G
122.5,1,Insert,983,A,9,99,G
122.7,1,Cancel,982,,,,G
122.7,1,Cancel,983,,,,G
122.75,1,Insert,984,B,9,101,G
122.75,1,Insert,985,A,9,99,G
122.95,1,Cancel,984,,,,G
122.95,1,Cancel,985,,,,G
123.0,1,Insert,986,B,9,101,G
123.0,1,Insert,987,A,9,99,G
123.2,1,Cancel,986,,,,G
123.2,1,Cancel,987,,,,G
123.25,1,Insert,988,B,9,101,G
123.25,1,Insert,989,A,9,99,G
123.45,1,Cancel,988,,,,G
123.45,1,Cancel,989,,,,G
123.5,1,Insert,990,B,9,101,G
123.5,1,Insert,991,A,9,99,G
123.7,1,Cancel,990,,,,G
123.7,1,Cancel,991,,,,G
123.75,1,Insert,992,B,9,101,G
123.75,1,Insert,993,A,9,99,G
123.95,1,Cancel,992,,,,G
123.95,1,Cancel,993,,,,G
124.0,1,Insert,994,B,9,101,G
124.0,1,Insert,995,A,9,99,G
124.2,1,Cancel,994,,,,G
124.2,1,Cancel,995,,,,G
124.25,1,Insert,996,B,9,101,G
124.25,1,Insert,997,A,9,99,G
124.45,1,Cancel,996,,,,G
124.45,1,Cancel,997,,,,G
124.5,1,Insert,998,B,9,101,G
124.5,1,Insert,999,A,9,99,G
124.7,1,Cancel,998,,,,G
124.7,1,Cancel,999,,,,G
124.75,1,Insert,1000,B,9,101,G
124.75,1,Insert,1001,A,9,99,G
124.95,1,Cancel,1000,,,,G
124.95,1,Cancel,1001,,,,G
125.0,1,Insert,1002,B,9,101,G
125.0,1,Insert,1003,A,9,99,G
125.2,1,Cancel,1002,,,,G
125.2,1,Cancel,1003,,,,G
125.25,1,Insert,1004,B,9,101,G
125.25,1,Insert,1005,A,9,99,G
125.45,1,Cancel,1004,,,,G
125.45,1,Cancel,1005,,,,G
125.5,1,Insert,1006,B,9,101,G
125.5,1,Insert,1007,A,9,99,G
125.7,1,Cancel,1006,,,,G
125.7,1,Cancel,1007,,,,G
125.75,1,Insert,1008,B,9,101,G
125.75,1,Insert,1009,A,9,99,G
125.95,1,Cancel,1008,,,,G
125.95,1,Cancel,1009,,,,G
126.0,1,Insert,1010,B,9,101,G
126.0,1,Insert,1011,A,9,99,G
126.2,1,Cancel,1010,,,,G
126.2,1,Cancel,1011,,,,G
126.25,1,Insert,1012,B,9,101,G
126.25,1,Insert,1013,A,9,99,G
126.45,1,Cancel,1012,,,,G
126.45,1,Cancel,1013,,,,G
126.5,1,Insert,1014,B,9,101,G
126.5,1,Insert,1015,A,9,99,G
126.7,1,Cancel,1014,,,,G
126.7,1,Cancel,1015,,,,G
126.75,1,Insert,1016,B,9,101,G
126.75,1,Insert,1017,A,9,99,G
126.95,1,Cancel,1016,,,,G
126.95,1,Cancel,1017,,,,G
127.0,1,Insert,1018,B,9,101,G
127.0,1,Insert,1019,A,9,99,G
127.2,1,Cancel,1018,,,,G
127.2,1,Cancel,1019,,,,G
127.25,1,Insert,1020,B,9,101,G
127.25,1,Insert,1021,A,9,99,G
127.45,1,Cancel,1020,,,,G
127.45,1,Cancel,1021,,,,G
127.5,1,Insert,1022,B,9,101,G
127.5,1,Insert,1023,A,9,99,G
127.7,1,Cancel,1022,,,,G
127.7,1,Cancel,1023,,,,G
127.75,1,Insert,1024,B,9,101,G
127.75,1,Insert,1025,A,9,99,G
127.95,1,Cancel,1024,,,,G
127.95,1,Cancel,1025,,,,G
128.0,1,Insert,1026,B,9,101,G
128.0,1,Insert,1027,A,9,99,G
128.2,1,Cancel,1026,,,,G
128.2,1,Cancel,1027,,,,G
128.25,1,Insert,1028,B,9,101,G
128.25,1,Insert,1029,A,9,99,G
128.45,1,Cancel,1028,,,,G
128.45,1,Cancel,1029,,,,G
128.5,1,Insert,1030,B,9,101,G
128.5,1,Insert,1031,A,9,99,G
128.7,1,Cancel,1030,,,,G
128.7,1,Cancel,1031,,,,G
128.75,1,Insert,1032,B,9,101,G
128.75,1,Insert,1033,A,9,99,G
128.95,1,Cancel,1032,,,,G
128.95,1,Cancel,1033,,,,G
129.0,1,Insert,1034,B,9,101,G
129.0,1,Insert,1035,A,9,99,G
129.2,1,Cancel,1034,,,,G
129.2,1,Cancel,1035,,,,G
129.25,1,Insert,1036,B,9,101,G
129.25,1,Insert,1037,A,9,99,G
129.45,1,Cancel,1036,,,,G
129.45,1,Cancel,1037,,,,G
129.5,1,Insert,1038,B,9,101,G
129.5,1,Insert,1039,A,9,99,G
129.7,1,Cancel,1038,,,,G
129.7,1,Cancel,1039,,,,G
129.75,1,Insert,1040,B,9,101,G
129.75,1,Insert,1041,A,9,99,G
129.95,1,Cancel,1040,,,,G
129.95,1,Cancel,1041,,,,G
130.0,1,Insert,1042,B,9,101,G
130.0,1,Insert,1043,A,9,99,G
130.2,1,Cancel,1042,,,,G
130.2,1,Cancel,1043,,,,G
130.25,1,Insert,1044,B,9,101,G
130.25,1,Insert,1045,A,9,99,G
130.45,1,Cancel,1044,,,,G
130.45,1,Cancel,1045,,,,G
130.5,1,Insert,1046,B,9,101,G
130.5,1,Insert,1047,A,9,99,G
130.7,1,Cancel,1046,,,,G
130.7,1,Cancel,1047,,,,G
130.75,1,Insert,1048,B,9,101,G
130.75,1,Insert,1049,A,9,99,G
130.95,1,Cancel,1048,,,,G
130.95,1,Cancel,1049,,,,G
131.0,1,Insert,1050,B,9,101,G
131.0,1,Insert,1051,A,9,99,G
131.2,1,Cancel,1050,,,,G
131.2,1,Cancel,1051,,,,G
131.25,1,Insert,1052,B,9,101,G
131.25,1,Insert,1053,A,9,99,G
131.45,1,Cancel,1052,,,,G
131.45,1,Cancel,1053,,,,G
131.5,1,Insert,1054,B,9,101,G
131.5,1,Insert,1055,A,9,99,G
131.7,1,Cancel,1054,,,,G
131.7,1,Cancel,1055,,,,G
131.75,1,Insert,1056,B,9,101,G
131.75,1,Insert,1057,A,9,99,G
131.95,1,Cancel,1056,,,,G
131.95,1,Cancel,1057,,,,G
132.0,1,Insert,1058,B,9,101,G
132.0,1,Insert,1059,A,9,99,G
132.2,1,Cancel,1058,,,,G
132.2,1,Cancel,1059,,,,G
132.25,1,Insert,1060,B,9,101,G
132.25,1,Insert,1061,A,9,99,G
132.45,1,Cancel,1060,,,,G
132.45,1,Cancel,1061,,,,G
132.5,1,Insert,1062,B,9,101,G
132.5,1,Insert,1063,A,9,99,G
132.7,1,Cancel,1062,,,,G
132.7,1,Cancel,1063,,,,G
132.75,1,Insert,1064,B,9,101,G
132.75,1,Insert,1065,A,9,99,G
132.95,1,Cancel,1064,,,,G
132.95,1,Cancel,1065,,,,G
133.0,1,Insert,1066,B,9,101,G
133.0,1,Insert,1067,A,9,99,G
133.2,1,Cancel,1066,,,,G
133.2,1,Cancel,1067,,,,G
133.25,1,Insert,1068,B,9,101,G
133.25,1,Insert,1069,A,9,99,G
133.45,1,Cancel,1068,,,,G
133.45,1,Cancel,1069,,,,G
133.5,1,Insert,1070,B,9,101,G
133.5,1,Insert,1071,A,9,99,G
133.7,1,Cancel,1070,,,,G
133.7,1,Cancel,1071,,,,G
133.75,1,Insert,1072,B,9,101,G
133.75,1,Insert,1073,A,9,99,G
133.95,1,Cancel,1072,,,,G
133.95,1,Cancel,1073,,,,G
134.0,1,Insert,1074,B,9,101,G
134.0,1,Insert,1075,A,9,99,G
134.2,1,Cancel,1074,,,,G
134.2,1,Cancel,1075,,,,G
134.25,1,Insert,1076,B,9,101,G
134.25,1,Insert,1077,A,9,99,G
134.45,1,Cancel,1076,,,,G
134.45,1,Cancel,1077,,,,G
134.5,1,Insert,1078,B,9,101,G
134.5,1,Insert,1079,A,9,99,G
134.7,1,Cancel,1078,,,,G
134.7,1,Cancel,1079,,,,G
134.75,1,Insert,1080,B,9,101,G
134.75,1,Insert,1081,A,9,99,G
134.95,1,Cancel,1080,,,,G
134.95,1,Cancel,1081,,,,G
135.0,1,Insert,1082,B,9,101,G
135.0,1,Insert,1083,A,9,99,G
135.2,1,Cancel,1082,,,,G
135.2,1,Cancel,1083,,,,G
135.25,1,Insert,1084,B,9,101,G
135.25,1,Insert,1085,A,9,99,G
135.45,1,Cancel,1084,,,,G
135.45,1,Cancel,1085,,,,G
135.5,1,Insert,1086,B,9,101,G
135.5,1,Insert,1087,A,9,99,G
135.7,1,Cancel,1086,,,,G
135.7,1,Cancel,1087,,,,G
135.75,1,Insert,1088,B,9,101,G
135.75,1,Insert,1089,A,9,99,G
135.95,1,Cancel,1088,,,,G
135.95,1,Cancel,1089,,,,G
136.0,1,Insert,1090,B,9,101,G
136.0,1,Insert,1091,A,9,99,G
136.2,1,Cancel,1090,,,,G
136.2,1,Cancel,1091,,,,G
136.25,1,Insert,1092,B,9,101,G
136.25,1,Insert,1093,A,9,99,G
136.45,1,Cancel,1092,,,,G
136.45,1,Cancel,1093,,,,G
136.5,1,Insert,1094,B,9,101,G
136.5,1,Insert,1095,A,9,99,G
136.7,1,Cancel,1094,,,,G
136.7,1,Cancel,1095,,,,G
136.75,1,Insert,1096,B,9,101,G
136.75,1,Insert,1097,A,9,99,G
136.95,1,Cancel,1096,,,,G
136.95,1,Cancel,1097,,,,G
137.0,1,Insert,1098,B,9,101,G
137.0,1,Insert,1099,A,9,99,G
137.2,1,Cancel,1098,,,,G
137.2,1,Cancel,1099,,,,G
137.25,1,Insert,1100,B,9,101,G
137.25,1,Insert,1101,A,9,99,G
137.45,1,Cancel,1100,,,,G
137.45,1,Cancel,1101,,,,G
137.5,1,Insert,1102,B,9,101,G
137.5,1,Insert,1103,A,9,99,G
137.7,1,Cancel,1102,,,,G
137.7,1,Cancel,1103,,,,G
137.75,1,Insert,1104,B,9,101,G
137.75,1,Insert,1105,A,9,99,G
137.95,1,Cancel,1104,,,,G
137.95,1,Cancel,1105,,,,G
138.0,1,Insert,1106,B,9,101,G
138.0,1,Insert,1107,A,9,99,G
138.2,1,Cancel,1106,,,,G
138.2,1,Cancel,1107,,,,G
138.25,1,Insert,1108,B,9,101,G
138.25,1,Insert,1109,A,9,99,G
138.45,1,Cancel,1108,,,,G
138.45,1,Cancel,1109,,,,G
138.5,1,Insert,1110,B,9,101,G
138.5,1,Insert,1111,A,9,99,G
138.7,1,Cancel,1110,,,,G
138.7,1,Cancel,1111,,,,G
138.75,1,Insert,1112,B,9,101,G
138.75,1,Insert,1113,A,9,99,G
138.95,1,Cancel,1112,,,,G
138.95,1,Cancel,1113,,,,G
139.0,1,Insert,1114,B,9,101,G
139.0,1,Insert,1115,A,9,99,G
139.2,1,Cancel,1114,,,,G
139.2,1,Cancel,1115,,,,G
139.25,1,Insert,1116,B,9,101,G
139.25,1,Insert,1117,A,9,99,G
139.45,1,Cancel,1116,,,,G
139.45,1,Cancel,1117,,,,G
139.5,1,Insert,1118,B,9,101,G
139.5,1,Insert,1119,A,9,99,G
139.7,1,Cancel,1118,,,,G
139.7,1,Cancel,1119,,,,G
139.75,1,Insert,1120,B,9,101,G
139.75,1,Insert,1121,A,9,99,G
139.95,1,Cancel,1120,,,,G
139.95,1,Cancel,1121,,,,G
140.0,1,Insert,1122,B,9,101,G
140.0,1,Insert,1123,A,9,99,G
140.2,1,Cancel,1122,,,,G
140.2,1,Cancel,1123,,,,G
140.25,1,Insert,1124,B,9,101,G
140.25,1,Insert,1125,A,9,99,G
140.45,1,Cancel,1124,,,,G
140.45,1,Cancel,1125,,,,G
140.5,1,Insert,1126,B,9,101,G
140.5,1,Insert,1127,A,9,99,G
140.7,1,Cancel,1126,,,,G
140.7,1,Cancel,1127,,,,G
140.75,1,Insert,1128,B,9,101,G
140.75,1,Insert,1129,A,9,99,G
140.95,1,Cancel,1128,,,,G
140.95,1,Cancel,1129,,,,G
141.0,1,Insert,1130,B,9,101,G
141.0,1,Insert,1131,A,9,99,G
141.2,1,Cancel,1130,,,,G
141.2,1,Cancel,1131,,,,G
141.25,1,Insert,1132,B,9,101,G
141.25,1,Insert,1133,A,9,99,G
141.45,1,Cancel,1132,,,,G
141.45,1,Cancel,1133,,,,G
141.5,1,Insert,1134,B,9,101,G
141.5,1,Insert,1135,A,9,99,G
141.7,1,Cancel,1134,,,,G
141.7,1,Cancel,1135,,,,G
141.75,1,Insert,1136,B,9,101,G
141.75,1,Insert,1137,A,9,99,G
141.95,1,Cancel,1136,,,,G
141.95,1,Cancel,1137,,,,G
142.0,1,Insert,1138,B,9,101,G
142.0,1,Insert,1139,A,9,99,G
142.2,1,Cancel,1138,,,,G
142.2,1,Cancel,1139,,,,G
142.25,1,Insert,1140,B,9,101,G
142.25,1,Insert,1141,A,9,99,G
142.45,1,Cancel,1140,,,,G
142.45,1,Cancel,1141,,,,G
142.5,1,Insert,1142,B,9,101,G
142.5,1,Insert,1143,A,9,99,G
142.7,1,Cancel,1142,,,,G
142.7,1,Cancel,1143,,,,G
142.75,1,Insert,1144,B,9,101,G
142.75,1,Insert,1145,A,9,99,G
142.95,1,Cancel,1144,,,,G
142.95,1,Cancel,1145,,,,G
143.0,1,Insert,1146,B,9,101,G
143.0,1,Insert,1147,A,9,99,G
143.2,1,Cancel,1146,,,,G
143.2,1,Cancel,1147,,,,G
143.25,1,Insert,1148,B,9,101,G
143.25,1,Insert,1149,A,9,99,G
143.45,1,Cancel,1148,,,,G
143.45,1,Cancel,1149,,,,G
143.5,1,Insert,1150,B,9,101,G
143.5,1,Insert,1151,A,9,99,G
143.7,1,Cancel,1150,,,,G
143.7,1,Cancel,1151,,,,G
143.75,1,Insert,1152,B,9,101,G
143.75,1,Insert,1153,A,9,99,G
143.95,1,Cancel,1152,,,,G
143.95,1,Cancel,1153,,,,G
144.0,1,Insert,1154,B,9,101,G
144.0,1,Insert,1155,A,9,99,G
144.2,1,Cancel,1154,,,,G
144.2,1,Cancel,1155,,,,G
144.25,1,Insert,1156,B,9,101,G
144.25,1,Insert,1157,A,9,99,G
144.45,1,Cancel,1156,,,,G
144.45,1,Cancel,1157,,,,G
144.5,1,Insert,1158,B,9,101,G
144.5,1,Insert,1159,A,9,99,G
144.7,1,Cancel,1158,,,,G
144.7,1,Cancel,1159,,,,G
144.75,1,Insert,1160,B,9,101,G
144.75,1,Insert,1161,A,9,99,G
144.95,1,Cancel,1160,,,,G
144.95,1,Cancel,1161,,,,G
145.0,1,Insert,1162,B,9,101,G
145.0,1,Insert,1163,A,9,99,G
145.2,1,Cancel,1162,,,,G
145.2,1,Cancel,1163,,,,G
145.25,1,Insert,1164,B,9,101,G
145.25,1,Insert,1165,A,9,99,G
145.45,1,Cancel,1164,,,,G
145.45,1,Cancel,1165,,,,G
145.5,1,Insert,1166,B,9,101,G
145.5,1,Insert,1167,A,9,99,G
145.7,1,Cancel,1166,,,,G
145.7,1,Cancel,1167,,,,G
145.75,1,Insert,1168,B,9,101,G
145.75,1,Insert,1169,A,9,99,G
145.95,1,Cancel,1168,,,,G
145.95,1,Cancel,1169,,,,G
146.0,1,Insert,1170,B,9,101,G
146.0,1,Insert,1171,A,9,99,G
146.2,1,Cancel,1170,,,,G
146.2,1,Cancel,1171,,,,G
146.25,1,Insert,1172,B,9,101,G
146.25,1,Insert,1173,A,9,99,G
146.45,1,Cancel,1172,,,,G
146.45,1,Cancel,1173,,,,G
146.5,1,Insert,1174,B,9,101,G
146.5,1,Insert,1175,A,9,99,G
146.7,1,Cancel,1174,,,,G
146.7,1,Cancel,1175,,,,G
146.75,1,Insert,1176,B,9,101,G
146.75,1,Insert,1177,A,9,99,G
146.95,1,Cancel,1176,,,,G
146.95,1,Cancel,1177,,,,G
147.0,1,Insert,1178,B,9,101,G
147.0,1,Insert,1179,A,9,99,G
147.2,1,Cancel,1178,,,,G
147.2,1,Cancel,1179,,,,G
147.25,1,Insert,1180,B,9,101,G
147.25,1,Insert,1181,A,9,99,G
147.45,1,Cancel,1180,,,,G
147.45,1,Cancel,1181,,,,G
147.5,1,Insert,1182,B,9,101,G
147.5,1,Insert,1183,A,9,99,G
147.7,1,Cancel,1182,,,,G
147.7,1,Cancel,1183,,,,G
147.75,1,Insert,1184,B,9,101,G
147.75,1,Insert,1185,A,9,99,G
147.95,1,Cancel,1184,,,,G
147.95,1,Cancel,1185,,,,G
148.0,1,Insert,1186,B,9,101,G
148.0,1,Insert,1187,A,9,99,G
148.2,1,Cancel,1186,,,,G
148.2,1,Cancel,1187,,,,G
148.25,1,Insert,1188,B,9,101,G
148.25,1,Insert,1189,A,9,99,G
148.45,1,Cancel,1188,,,,G
148.45,1,Cancel,1189,,,,G
148.5,1,Insert,1190,B,9,101,G
148.5,1,Insert,1191,A,9,99,G
148.7,1,Cancel,1190,,,,G
148.7,1,Cancel,1191,,,,G
148.75,1,Insert,1192,B,9,101,G
148.75,1,Insert,1193,A,9,99,G
148.95,1,Cancel,1192,,,,G
148.95,1,Cancel,1193,,,,G
149.0,1,Insert,1194,B,9,101,G
149.0,1,Insert,1195,A,9,99,G
149.2,1,Cancel,1194,,,,G
149.2,1,Cancel,1195,,,,G
149.25,1,Insert,1196,B,9,101,G
149.25,1,Insert,1197,A,9,99,G
149.45,1,Cancel,1196,,,,G
149.45,1,Cancel,1197,,,,G
149.5,1,Insert,1198,B,9,101,G
149.5,1,Insert,1199,A,9,99,G
149.7,1,Cancel,1198,,,,G
149.7,1,Cancel,1199,,,,G
149.75,1,Insert,1200,B,9,101,G
149.75,1,Insert,1201,A,9,99,G
149.95,1,Cancel,1200,,,,G
149.95,1,Cancel,1201,,,,G
150.0,1,Insert,1202,B,9,101,G
150.0,1,Insert,1203,A,9,99,G
150.2,1,Cancel,1202,,,,G
150.2,1,Cancel,1203,,,,G
150.25,1,Insert,1204,B,9,101,G
150.25,1,Insert,1205,A,9,99,G
150.45,1,Cancel,1204,,,,G
150.45,1,Cancel,1205,,,,G
150.5,1,Insert,1206,B,9,101,G
150.5,1,Insert,1207,A,9,99,G
150.7,1,Cancel,1206,,,,G
150.7,1,Cancel,1207,,,,G
150.75,1,Insert,1208,B,9,101,G
150.75,1,Insert,1209,A,9,99,G
150.95,1,Cancel,1208,,,,G
150.95,1,Cancel,1209,,,,G
151.0,1,Insert,1210,B,9,101,G
151.0,1,Insert,1211,A,9,99,G
151.2,1,Cancel,1210,,,,G
151.2,1,Cancel,1211,,,,G
151.25,1,Insert,1212,B,9,101,G
151.25,1,Insert,1213,A,9,99,G
151.45,1,Cancel,1212,,,,G
151.45,1,Cancel,1213,,,,G
151.5,1,Insert,1214,B,9,101,G
151.5,1,Insert,1215,A,9,99,G
151.7,1,Cancel,1214,,,,G
151.7,1,Cancel,1215,,,,G
151.75,1,Insert,1216,B,9,101,G
151.75,1,Insert,1217,A,9,99,G
151.95,1,Cancel,1216,,,,G
151.95,1,Cancel,1217,,,,G
152.0,1,Insert,1218,B,9,101,G
152.0,1,Insert,1219,A,9,99,G
152.2,1,Cancel,1218,,,,G
152.2,1,Cancel,1219,,,,G
152.25,1,Insert,1220,B,9,101,G
152.25,1,Insert,1221,A,9,99,G
152.45,1,Cancel,1220,,,,G
152.45,1,Cancel,1221,,,,G
152.5,1,Insert,1222,B,9,101,G
152.5,1,Insert,1223,A,9,99,G
152.7,1,Cancel,1222,,,,G
152.7,1,Cancel,1223,,,,G
152.75,1,Insert,1224,B,9,101,G
152.75,1,Insert,1225,A,9,99,G
152.95,1,Cancel,1224,,,,G
152.95,1,Cancel,1225,,,,G
153.0,1,Insert,1226,B,9,101,G
153.0,1,Insert,1227,A,9,99,G
153.2,1,Cancel,1226,,,,G
153.2,1,Cancel,1227,,,,G
153.25,1,Insert,1228,B,9,101,G
153.25,1,Insert,1229,A,9,99,G
153.45,1,Cancel,1228,,,,G
153.45,1,Cancel,1229,,,,G
153.5,1,Insert,1230,B,9,101,G
153.5,1,Insert,1231,A,9,99,G
153.7,1,Cancel,1230,,,,G
153.7,1,Cancel,1231,,,,G
153.75,1,Insert,1232,B,9,101,G
153.75,1,Insert,1233,A,9,99,G
153.95,1,Cancel,1232,,,,G
153.95,1,Cancel,1233,,,,G
154.0,1,Insert,1234,B,9,101,G
154.0,1,Insert,1235,A,9,99,G
154.2,1,Cancel,1234,,,,G
154.2,1,Cancel,1235,,,,G
154.25,1,Insert,1236,B,9,101,G
154.25,1,Insert,1237,A,9,99,G
154.45,1,Cancel,1236,,,,G
154.45,1,Cancel,1237,,,,G
154.5,1,Insert,1238,B,9,101,G
154.5,1,Insert,1239,A,9,99,G
154.7,1,Cancel,1238,,,,G
154.7,1,Cancel,1239,,,,G
154.75,1,Insert,1240,B,9,101,G
154.75,1,Insert,1241,A,9,99,G
154.95,1,Cancel,1240,,,,G
154.95,1,Cancel,1241,,,,G
155.0,1,Insert,1242,B,9,101,G
155.0,1,Insert,1243,A,9,99,G
155.2,1,Cancel,1242,,,,G
155.2,1,Cancel,1243,,,,G
155.25,1,Insert,1244,B,9,101,G
155.25,1,Insert,1245,A,9,99,G
155.45,1,Cancel,1244,,,,G
155.45,1,Cancel,1245,,,,G
155.5,1,Insert,1246,B,9,101,G
155.5,1,Insert,1247,A,9,99,G
155.7,1,Cancel,1246,,,,G
155.7,1,Cancel,1247,,,,G
155.75,1,Insert,1248,B,9,101,G
155.75,1,Insert,1249,A,9,99,G
155.95,1,Cancel,1248,,,,G
155.95,1,Cancel,1249,,,,G
156.0,1,Insert,1250,B,9,101,G
156.0,1,Insert,1251,A,9,99,G
156.2,1,Cancel,1250,,,,G
156.2,1,Cancel,1251,,,,G
156.25,1,Insert,1252,B,9,101,G
156.25,1,Insert,1253,A,9,99,G
156.45,1,Cancel,1252,,,,G
156.45,1,Cancel,1253,,,,G
156.5,1,Insert,1254,B,9,101,G
156.5,1,Insert,1255,A,9,99,G
156.7,1,Cancel,1254,,,,G
156.7,1,Cancel,1255,,,,G
156.75,1,Insert,1256,B,9,101,G
156.75,1,Insert,1257,A,9,99,G
156.95,1,Cancel,1256,,,,G
156.95,1,Cancel,1257,,,,G
157.0,1,Insert,1258,B,9,101,G
157.0,1,Insert,1259,A,9,99,G
157.2,1,Cancel,1258,,,,G
157.2,1,Cancel,1259,,,,G
157.25,1,Insert,1260,B,9,101,G
157.25,1,Insert,1261,A,9,99,G
157.45,1,Cancel,1260,,,,G
157.45,1,Cancel,1261,,,,G
157.5,1,Insert,1262,B,9,101,G
157.5,1,Insert,1263,A,9,99,G
157.7,1,Cancel,1262,,,,G
157.7,1,Cancel,1263,,,,G
157.75,1,Insert,1264,B,9,101,G
157.75,1,Insert,1265,A,9,99,G
157.95,1,Cancel,1264,,,,G
157.95,1,Cancel,1265,,,,G
158.0,1,Insert,1266,B,9,101,G
158.0,1,Insert,1267,A,9,99,G
158.2,1,Cancel,1266,,,,G
158.2,1,Cancel,1267,,,,G
158.25,1,Insert,1268,B,9,101,G
158.25,1,Insert,1269,A,9,99,G
158.45,1,Cancel,1268,,,,G
158.45,1,Cancel,1269,,,,G
158.5,1,Insert,1270,B,9,101,G
158.5,1,Insert,1271,A,9,99,G
158.7,1,Cancel,1270,,,,G
158.7,1,Cancel,1271,,,,G
158.75,1,Insert,1272,B,9,101,G
158.75,1,Insert,1273,A,9,99,G
158.95,1,Cancel,1272,,,,G
158.95,1,Cancel,1273,,,,G
159.0,1,Insert,1274,B,9,101,G
159.0,1,Insert,1275,A,9,99,G
159.2,1,Cancel,1274,,,,G
159.2,1,Cancel,1275,,,,G
159.25,1,Insert,1276,B,9,101,G
159.25,1,Insert,1277,A,9,99,G
159.45,1,Cancel,1276,,,,G
159.45,1,Cancel,1277,,,,G
159.5,1,Insert,1278,B,9,101,G
159.5,1,Insert,1279,A,9,99,G
159.7,1,Cancel,1278,,,,G
159.7,1,Cancel,1279,,,,G
159.75,1,Insert,1280,B,9,101,G
159.75,1,Insert,1281,A,9,99,G
159.95,1,Cancel,1280,,,,G
159.95,1,Cancel,1281,,,,G
160.0,1,Insert,1282,B,9,101,G
160.0,1,Insert,1283,A,9,99,G
160.2,1,Cancel,1282,,,,G
160.2,1,Cancel,1283,,,,G
160.25,1,Insert,1284,B,9,101,G
160.25,1,Insert,1285,A,9,99,G
160.45,1,Cancel,1284,,,,G
160.45,1,Cancel,1285,,,,G
160.5,1,Insert,1286,B,9,101,G
160.5,1,Insert,1287,A,9,99,G
160.7,1,Cancel,1286,,,,G
160.7,1,Cancel,1287,,,,G
160.75,1,Insert,1288,B,9,101,G
160.75,1,Insert,1289,A,9,99,G
160.95,1,Cancel,1288,,,,G
160.95,1,Cancel,1289,,,,G
161.0,1,Insert,1290,B,9,101,G
161.0,1,Insert,1291,A,9,99,G
161.2,1,Cancel,1290,,,,G
161.2,1,Cancel,1291,,,,G
161.25,1,Insert,1292,B,9,101,G
161.25,1,Insert,1293,A,9,99,G
161.45,1,Cancel,1292,,,,G
161.45,1,Cancel,1293,,,,G
161.5,1,Insert,1294,B,9,101,G
161.5,1,Insert,1295,A,9,99,G
161.7,1,Cancel,1294,,,,G
161.7,1,Cancel,1295,,,,G
161.75,1,Insert,1296,B,9,101,G
161.75,1,Insert,1297,A,9,99,G
161.95,1,Cancel,1296,,,,G
161.95,1,Cancel,1297,,,,G
162.0,1,Insert,1298,B,9,101,G
162.0,1,Insert,1299,A,9,99,G
162.2,1,Cancel,1298,,,,G
162.2,1,Cancel,1299,,,,G
162.25,1,Insert,1300,B,9,101,G
162.25,1,Insert,1301,A,9,99,G
162.45,1,Cancel,1300,,,,G
162.45,1,Cancel,1301,,,,G
162.5,1,Insert,1302,B,9,101,G
162.5,1,Insert,1303,A,9,99,G
162.7,1,Cancel,1302,,,,G
162.7,1,Cancel,1303,,,,G
162.75,1,Insert,1304,B,9,101,G
162.75,1,Insert,1305,A,9,99,G
162.95,1,Cancel,1304,,,,G
162.95,1,Cancel,1305,,,,G
163.0,1,Insert,1306,B,9,101,G
163.0,1,Insert,1307,A,9,99,G
163.2,1,Cancel,1306,,,,G
163.2,1,Cancel,1307,,,,G
163.25,1,Insert,1308,B,9,101,G
163.25,1,Insert,1309,A,9,99,G
163.45,1,Cancel,1308,,,,G
163.45,1,Cancel,1309,,,,G
163.5,1,Insert,1310,B,9,101,G
163.5,1,Insert,1311,A,9,99,G
163.7,1,Cancel,1310,,,,G
163.7,1,Cancel,1311,,,,G
163.75,1,Insert,1312,B,9,101,G
163.75,1,Insert,1313,A,9,99,G
163.95,1,Cancel,1312,,,,G
163.95,1,Cancel,1313,,,,G
164.0,1,Insert,1314,B,9,101,G
164.0,1,Insert,1315,A,9,99,G
164.2,1,Cancel,1314,,,,G
164.2,1,Cancel,1315,,,,G
164.25,1,Insert,1316,B,9,101,G
164.25,1,Insert,1317,A,9,99,G
164.45,1,Cancel,1316,,,,G
164.45,1,Cancel,1317,,,,G
164.5,1,Insert,1318,B,9,101,G
164.5,1,Insert,1319,A,9,99,G
164.7,1,Cancel,1318,,,,G
164.7,1,Cancel,1319,,,,G
164.75,1,Insert,1320,B,9,101,G
164.75,1,Insert,1321,A,9,99,G
164.95,1,Cancel,1320,,,,G
164.95,1,Cancel,1321,,,,G
165.0,1,Insert,1322,B,9,101,G
165.0,1,Insert,1323,A,9,99,G
165.2,1,Cancel,1322,,,,G
165.2,1,Cancel,1323,,,,G
165.25,1,Insert,1324,B,9,101,G
165.25,1,Insert,1325,A,9,99,G
165.45,1,Cancel,1324,,,,G
165.45,1,Cancel,1325,,,,G
165.5,1,Insert,1326,B,9,101,G
165.5,1,Insert,1327,A,9,99,G
165.7,1,Cancel,1326,,,,G
165.7,1,Cancel,1327,,,,G
165.75,1,Insert,1328,B,9,101,G
165.75,1,Insert,1329,A,9,99,G
165.95,1,Cancel,1328,,,,G
165.95,1,Cancel,1329,,,,G
166.0,1,Insert,1330,B,9,101,G
166.0,1,Insert,1331,A,9,99,G
166.2,1,Cancel,1330,,,,G
166.2,1,Cancel,1331,,,,G
166.25,1,Insert,1332,B,9,101,G
166.25,1,Insert,1333,A,9,99,G
166.45,1,Cancel,1332,,,,G
166.45,1,Cancel,1333,,,,G
166.5,1,Insert,1334,B,9,101,G
166.5,1,Insert,1335,A,9,99,G
166.7,1,Cancel,1334,,,,G
166.7,1,Cancel,1335,,,,G
166.75,1,Insert,1336,B,9,101,G
166.75,1,Insert,1337,A,9,99,G
166.95,1,Cancel,1336,,,,G
166.95,1,Cancel,1337,,,,G
167.0,1,Insert,1338,B,9,101,G
167.0,1,Insert,1339,A,9,99,G
167.2,1,Cancel,1338,,,,G
167.2,1,Cancel,1339,,,,G
167.25,1,Insert,1340,B,9,101,G
167.25,1,Insert,1341,A,9,99,G
167.45,1,Cancel,1340,,,,G
167.45,1,Cancel,1341,,,,G
167.5,1,Insert,1342,B,9,101,G
167.5,1,Insert,1343,A,9,99,G
167.7,1,Cancel,1342,,,,G
167.7,1,Cancel,1343,,,,G
167.75,1,Insert,1344,B,9,101,G
167.75,1,Insert,1345,A,9,99,G
167.95,1,Cancel,1344,,,,G
167.95,1,Cancel,1345,,,,G
168.0,1,Insert,1346,B,9,101,G
168.0,1,Insert,1347,A,9,99,G
168.2,1,Cancel,1346,,,,G
168.2,1,Cancel,1347,,,,G
168.25,1,Insert,1348,B,9,101,G
168.25,1,Insert,1349,A,9,99,G
168.45,1,Cancel,1348,,,,G
168.45,1,Cancel,1349,,,,G
168.5,1,Insert,1350,B,9,101,G
168.5,1,Insert,1351,A,9,99,G
168.7,1,Cancel,1350,,,,G
168.7,1,Cancel,1351,,,,G
168.75,1,Insert,1352,B,9,101,G
168.75,1,Insert,1353,A,9,99,G
168.95,1,Cancel,1352,,,,G
168.95,1,Cancel,1353,,,,G
169.0,1,Insert,1354,B,9,101,G
169.0,1,Insert,1355,A,9,99,G
169.2,1,Cancel,1354,,,,G
169.2,1,Cancel,1355,,,,G
169.25,1,Insert,1356,B,9,101,G
169.25,1,Insert,1357,A,9,99,G
169.45,1,Cancel,1356,,,,G
169.45,1,Cancel,1357,,,,G
169.5,1,Insert,1358,B,9,101,G
169.5,1,Insert,1359,A,9,99,G
169.7,1,Cancel,1358,,,,G
169.7,1,Cancel,1359,,,,G
169.75,1,Insert,1360,B,9,101,G
169.75,1,Insert,1361,A,9,99,G
169.95,1,Cancel,1360,,,,G
169.95,1,Cancel,1361,,,,G
170.0,1,Insert,1362,B,9,101,G
170.0,1,Insert,1363,A,9,99,G
170.2,1,Cancel,1362,,,,G
170.2,1,Cancel,1363,,,,G
170.25,1,Insert,1364,B,9,101,G
170.25,1,Insert,1365,A,9,99,G
170.45,1,Cancel,1364,,,,G
170.45,1,Cancel,1365,,,,G
170.5,1,Insert,1366,B,9,101,G
170.5,1,Insert,1367,A,9,99,G
170.7,1,Cancel,1366,,,,G
170.7,1,Cancel,1367,,,,G
170.75,1,Insert,1368,B,9,101,G
170.75,1,Insert,1369,A,9,99,G
170.95,1,Cancel,1368,,,,G
170.95,1,Cancel,1369,,,,G
171.0,1,Insert,1370,B,9,101,G
171.0,1,Insert,1371,A,9,99,G
171.2,1,Cancel,1370,,,,G
171.2,1,Cancel,1371,,,,G
171.25,1,Insert,1372,B,9,101,G
171.25,1,Insert,1373,A,9,99,G
171.45,1,Cancel,1372,,,,G
171.45,1,Cancel,1373,,,,G
171.5,1,Insert,1374,B,9,101,G
171.5,1,Insert,1375,A,9,99,G
171.7,1,Cancel,1374,,,,G
171.7,1,Cancel,1375,,,,G
171.75,1,Insert,1376,B,9,101,G
171.75,1,Insert,1377,A,9,99,G
171.95,1,Cancel,1376,,,,G
171.95,1,Cancel,1377,,,,G
172.0,1,Insert,1378,B,9,101,G
172.0,1,Insert,1379,A,9,99,G
172.2,1,Cancel,1378,,,,G
172.2,1,Cancel,1379,,,,G
172.25,1,Insert,1380,B,9,101,G
172.25,1,Insert,1381,A,9,99,G
172.45,1,Cancel,1380,,,,G
172.45,1,Cancel,1381,,,,G
172.5,1,Insert,1382,B,9,101,G
172.5,1,Insert,1383,A,9,99,G
172.7,1,Cancel,1382,,,,G
172.7,1,Cancel,1383,,,,G
172.75,1,Insert,1384,B,9,101,G
172.75,1,Insert,1385,A,9,99,G
172.95,1,Cancel,1384,,,,G
172.95,1,Cancel,1385,,,,G
173.0,1,Insert,1386,B,9,101,G
173.0,1,Insert,1387,A,9,99,G
173.2,1,Cancel,1386,,,,G
173.2,1,Cancel,1387,,,,G
173.25,1,Insert,1388,B,9,101,G
173.25,1,Insert,1389,A,9,99,G
173.45,1,Cancel,1388,,,,G
173.45,1,Cancel,1389,,,,G
173.5,1,Insert,1390,B,9,101,G
173.5,1,Insert,1391,A,9,99,G
173.7,1,Cancel,1390,,,,G
173.7,1,Cancel,1391,,,,G
173.75,1,Insert,1392,B,9,101,G
173.75,1,Insert,1393,A,9,99,G
173.95,1,Cancel,1392,,,,G
173.95,1,Cancel,1393,,,,G
174.0,1,Insert,1394,B,9,101,G
174.0,1,Insert,1395,A,9,99,G
174.2,1,Cancel,1394,,,,G
174.2,1,Cancel,1395,,,,G
174.25,1,Insert,1396,B,9,101,G
174.25,1,Insert,1397,A,9,99,G
174.45,1,Cancel,1396,,,,G
174.45,1,Cancel,1397,,,,G
174.5,1,Insert,1398,B,9,101,G
174.5,1,Insert,1399,A,9,99,G
174.7,1,Cancel,1398,,,,G
174.7,1,Cancel,1399,,,,G
174.75,1,Insert,1400,B,9,101,G
174.75,1,Insert,1401,A,9,99,G
174.95,1,Cancel,1400,,,,G
174.95,1,Cancel,1401,,,,G
175.0,1,Insert,1402,B,9,101,G
175.0,1,Insert,1403,A,9,99,G
175.2,1,Cancel,1402,,,,G
175.2,1,Cancel,1403,,,,G
175.25,1,Insert,1404,B,9,101,G
175.25,1,Insert,1405,A,9,99,G
175.45,1,Cancel,1404,,,,G
175.45,1,Cancel,1405,,,,G
175.5,1,Insert,1406,B,9,101,G
175.5,1,Insert,1407,A,9,99,G
175.7,1,Cancel,1406,,,,G
175.7,1,Cancel,1407,,,,G
175.75,1,Insert,1408,B,9,101,G
175.75,1,Insert,1409,A,9,99,G
175.95,1,Cancel,1408,,,,G
175.95,1,Cancel,1409,,,,G
176.0,1,Insert,1410,B,9,101,G
176.0,1,Insert,1411,A,9,99,G
176.2,1,Cancel,1410,,,,G
176.2,1,Cancel,1411,,,,G
176.25,1,Insert,1412,B,9,101,G
176.25,1,Insert,1413,A,9,99,G
176.45,1,Cancel,1412,,,,G
176.45,1,Cancel,1413,,,,G
176.5,1,Insert,1414,B,9,101,G
176.5,1,Insert,1415,A,9,99,G
176.7,1,Cancel,1414,,,,G
176.7,1,Cancel,1415,,,,G
176.75,1,Insert,1416,B,9,101,G
176.75,1,Insert,1417,A,9,99,G
176.95,1,Cancel,1416,,,,G
176.95,1,Cancel,1417,,,,G
177.0,1,Insert,1418,B,9,101,G
177.0,1,Insert,1419,A,9,99,G
177.2,1,Cancel,1418,,,,G
177.2,1,Cancel,1419,,,,G
177.25,1,Insert,1420,B,9,101,G
177.25,1,Insert,1421,A,9,99,G
177.45,1,Cancel,1420,,,,G
177.45,1,Cancel,1421,,,,G
177.5,1,Insert,1422,B,9,101,G
177.5,1,Insert,1423,A,9,99,G
177.7,1,Cancel,1422,,,,G
177.7,1,Cancel,1423,,,,G
177.75,1,Insert,1424,B,9,101,G
177.75,1,Insert,1425,A,9,99,G
177.95,1,Cancel,1424,,,,G
177.95,1,Cancel,1425,,,,G
178.0,1,Insert,1426,B,9,101,G
178.0,1,Insert,1427,A,9,99,G
178.2,1,Cancel,1426,,,,G
178.2,1,Cancel,1427,,,,G
178.25,1,Insert,1428,B,9,101,G
178.25,1,Insert,1429,A,9,99,G
178.45,1,Cancel,1428,,,,G
178.45,1,Cancel,1429,,,,G
178.5,1,Insert,1430,B,9,101,G
178.5,1,Insert,1431,A,9,99,G
178.7,1,Cancel,1430,,,,G
178.7,1,Cancel,1431,,,,G
178.75,1,Insert,1432,B,9,101,G
178.75,1,Insert,1433,A,9,99,G
178.95,1,Cancel,1432,,,,G
178.95,1,Cancel,1433,,,,G
179.0,1,Insert,1434,B,9,101,G
179.0,1,Insert,1435,A,9,99,G
179.2,1,Cancel,1434,,,,G
179.2,1,Cancel,1435,,,,G
179.25,1,Insert,1436,B,9,101,G
179.25,1,Insert,1437,A,9,99,G
179.45,1,Cancel,1436,,,,G
179.45,1,Cancel,1437,,,,G
179.5,1,Insert,1438,B,9,101,G
179.5,1,Insert,1439,A,9,99,G
179.7,1,Cancel,1438,,,,G
179.7,1,Cancel,1439,,,,G
179.75,1,Insert,1440,B,9,101,G
179.75,1,Insert,1441,A,9,99,G
179.95,1,Cancel,1440,,,,G
179.95,1,Cancel,1441,,,,G
180.0,1,Insert,1442,B,9,101,G
180.0,1,Insert,1443,A,9,99,G
180.2,1,Cancel,1442,,,,G
180.2,1,Cancel,1443,,,,G
180.25,1,Insert,1444,B,9,101,G
180.25,1,Insert,1445,A,9,99,G
180.45,1,Cancel,1444,,,,G
180.45,1,Cancel,1445,,,,G
180.5,1,Insert,1446,B,9,101,G
180.5,1,Insert,1447,A,9,99,G
180.7,1,Cancel,1446,,,,G
180.7,1,Cancel,1447,,,,G
180.75,1,Insert,1448,B,9,101,G
180.75,1,Insert,1449,A,9,99,G
180.95,1,Cancel,1448,,,,G
180.95,1,Cancel,1449,,,,G
181.0,1,Insert,1450,B,9,101,G
181.0,1,Insert,1451,A,9,99,G
181.2,1,Cancel,1450,,,,G
181.2,1,Cancel,1451,,,,G
181.25,1,Insert,1452,B,9,101,G
181.25,1,Insert,1453,A,9,99,G
181.45,1,Cancel,1452,,,,G
181.45,1,Cancel,1453,,,,G
181.5,1,Insert,1454,B,9,101,G
181.5,1,Insert,1455,A,9,99,G
181.7,1,Cancel,1454,,,,G
181.7,1,Cancel,1455,,,,G
181.75,1,Insert,1456,B,9,101,G
181.75,1,Insert,1457,A,9,99,G
181.95,1,Cancel,1456,,,,G
181.95,1,Cancel,1457,,,,G
182.0,1,Insert,1458,B,9,101,G
182.0,1,Insert,1459,A,9,99,G
182.2,1,Cancel,1458,,,,G
182.2,1,Cancel,1459,,,,G
182.25,1,Insert,1460,B,9,101,G
182.25,1,Insert,1461,A,9,99,G
182.45,1,Cancel,1460,,,,G
182.45,1,Cancel,1461,,,,G
182.5,1,Insert,1462,B,9,101,G
182.5,1,Insert,1463,A,9,99,G
182.7,1,Cancel,1462,,,,G
182.7,1,Cancel,1463,,,,G
182.75,1,Insert,1464,B,9,101,G
182.75,1,Insert,1465,A,9,99,G
182.95,1,Cancel,1464,,,,G
182.95,1,Cancel,1465,,,,G
183.0,1,Insert,1466,B,9,101,G
183.0,1,Insert,1467,A,9,99,G
183.2,1,Cancel,1466,,,,G
183.2,1,Cancel,1467,,,,G
183.25,1,Insert,1468,B,9,101,G
183.25,1,Insert,1469,A,9,99,G
183.45,1,Cancel,1468,,,,G
183.45,1,Cancel,1469,,,,G
183.5,1,Insert,1470,B,9,101,G
183.5,1,Insert,1471,A,9,99,G
183.7,1,Cancel,1470,,,,G
183.7,1,Cancel,1471,,,,G
183.75,1,Insert,1472,B,9,101,G
183.75,1,Insert,1473,A,9,99,G
183.95,1,Cancel,1472,,,,G
183.95,1,Cancel,1473,,,,G
184.0,1,Insert,1474,B,9,101,G
184.0,1,Insert,1475,A,9,99,G
184.2,1,Cancel,1474,,,,G
184.2,1,Cancel,1475,,,,G
184.25,1,Insert,1476,B,9,101,G
184.25,1,Insert,1477,A,9,99,G
184.45,1,Cancel,1476,,,,G
184.45,1,Cancel,1477,,,,G
184.5,1,Insert,1478,B,9,101,G
184.5,1,Insert,1479,A,9,99,G
184.7,1,Cancel,1478,,,,G
184.7,1,Cancel,1479,,,,G
184.75,1,Insert,1480,B,9,101,G
184.75,1,Insert,1481,A,9,99,G
184.95,1,Cancel,1480,,,,G
184.95,1,Cancel,1481,,,,G
185.0,1,Insert,1482,B,9,101,G
185.0,1,Insert,1483,A,9,99,G
185.2,1,Cancel,1482,,,,G
185.2,1,Cancel,1483,,,,G
185.25,1,Insert,1484,B,9,101,G
185.25,1,Insert,1485,A,9,99,G
185.45,1,Cancel,1484,,,,G
185.45,1,Cancel,1485,,,,G
185.5,1,Insert,1486,B,9,101,G
185.5,1,Insert,1487,A,9,99,G
185.7,1,Cancel,1486,,,,G
185.7,1,Cancel,1487,,,,G
185.75,1,Insert,1488,B,9,101,G
185.75,1,Insert,1489,A,9,99,G
185.95,1,Cancel,1488,,,,G
185.95,1,Cancel,1489,,,,G
186.0,1,Insert,1490,B,9,101,G
186.0,1,Insert,1491,A,9,99,G
186.2,1,Cancel,1490,,,,G
186.2,1,Cancel,1491,,,,G
186.25,1,Insert,1492,B,9,101,G
186.25,1,Insert,1493,A,9,99,G
186.45,1,Cancel,1492,,,,G
186.45,1,Cancel,1493,,,,G
186.5,1,Insert,1494,B,9,101,G
186.5,1,Insert,1495,A,9,99,G
186.7,1,Cancel,1494,,,,G
186.7,1,Cancel,1495,,,,G
186.75,1,Insert,1496,B,9,101,G
186.75,1,Insert,1497,A,9,99,G
186.95,1,Cancel,1496,,,,G
186.95,1,Cancel,1497,,,,G
187.0,1,Insert,1498,B,9,101,G
187.0,1,Insert,1499,A,9,99,G
187.2,1,Cancel,1498,,,,G
187.2,1,Cancel,1499,,,,G
187.25,1,Insert,1500,B,9,101,G
187.25,1,Insert,1501,A,9,99,G
187.45,1,Cancel,1500,,,,G
187.45,1,Cancel,1501,,,,G
187.5,1,Insert,1502,B,9,101,G
187.5,1,Insert,1503,A,9,99,G
187.7,1,Cancel,1502,,,,G
187.7,1,Cancel,1503,,,,G
187.75,1,Insert,1504,B,9,101,G
187.75,1,Insert,1505,A,9,99,G
187.95,1,Cancel,1504,,,,G
187.95,1,Cancel,1505,,,,G
188.0,1,Insert,1506,B,9,101,G
188.0,1,Insert,1507,A,9,99,G
188.2,1,Cancel,1506,,,,G
188.2,1,Cancel,1507,,,,G
188.25,1,Insert,1508,B,9,101,G
188.25,1,Insert,1509,A,9,99,G
188.45,1,Cancel,1508,,,,G
188.45,1,Cancel,1509,,,,G
188.5,1,Insert,1510,B,9,101,G
188.5,1,Insert,1511,A,9,99,G
188.7,1,Cancel,1510,,,,G
188.7,1,Cancel,1511,,,,G
188.75,1,Insert,1512,B,9,101,G
188.75,1,Insert,1513,A,9,99,G
188.95,1,Cancel,1512,,,,G
188.95,1,Cancel,1513,,,,G
189.0,1,Insert,1514,B,9,101,G
189.0,1,Insert,1515,A,9,99,G
189.2,1,Cancel,1514,,,,G
189.2,1,Cancel,1515,,,,G
189.25,1,Insert,1516,B,9,101,G
189.25,1,Insert,1517,A,9,99,G
189.45,1,Cancel,1516,,,,G
189.45,1,Cancel,1517,,,,G
189.5,1,Insert,1518,B,9,101,G
189.5,1,Insert,1519,A,9,99,G
189.7,1,Cancel,1518,,,,G
189.7,1,Cancel,1519,,,,G
189.75,1,Insert,1520,B,9,101,G
189.75,1,Insert,1521,A,9,99,G
189.95,1,Cancel,1520,,,,G
189.95,1,Cancel,1521,,,,G
190.0,1,Insert,1522,B,9,101,G
190.0,1,Insert,1523,A,9,99,G
190.2,1,Cancel,1522,,,,G
190.2,1,Cancel,1523,,,,G
190.25,1,Insert,1524,B,9,101,G
190.25,1,Insert,1525,A,9,99,G
190.45,1,Cancel,1524,,,,G
190.45,1,Cancel,1525,,,,G
190.5,1,Insert,1526,B,9,101,G
190.5,1,Insert,1527,A,9,99,G
190.7,1,Cancel,1526,,,,G
190.7,1,Cancel,1527,,,,G
190.75,1,Insert,1528,B,9,101,G
190.75,1,Insert,1529,A,9,99,G
190.95,1,Cancel,1528,,,,G
190.95,1,Cancel,1529,,,,G
191.0,1,Insert,1530,B,9,101,G
191.0,1,Insert,1531,A,9,99,G
191.2,1,Cancel,1530,,,,G
191.2,1,Cancel,1531,,,,G
191.25,1,Insert,1532,B,9,101,G
191.25,1,Insert,1533,A,9,99,G
191.45,1,Cancel,1532,,,,G
191.45,1,Cancel,1533,,,,G
191.5,1,Insert,1534,B,9,101,G
191.5,1,Insert,1535,A,9,99,G
191.7,1,Cancel,1534,,,,G
191.7,1,Cancel,1535,,,,G
191.75,1,Insert,1536,B,9,101,G
191.75,1,Insert,1537,A,9,99,G
191.95,1,Cancel,1536,,,,G
191.95,1,Cancel,1537,,,,G
192.0,1,Insert,1538,B,9,101,G
192.0,1,Insert,1539,A,9,99,G
192.2,1,Cancel,1538,,,,G
192.2,1,Cancel,1539,,,,G
192.25,1,Insert,1540,B,9,101,G
192.25,1,Insert,1541,A,9,99,G
192.45,1,Cancel,1540,,,,G
192.45,1,Cancel,1541,,,,G
192.5,1,Insert,1542,B,9,101,G
192.5,1,Insert,1543,A,9,99,G
192.7,1,Cancel,1542,,,,G
192.7,1,Cancel,1543,,,,G
192.75,1,Insert,1544,B,9,101,G
192.75,1,Insert,1545,A,9,99,G
192.95,1,Cancel,1544,,,,G
192.95,1,Cancel,1545,,,,G
193.0,1,Insert,1546,B,9,101,G
193.0,1,Insert,1547,A,9,99,G
193.2,1,Cancel,1546,,,,G
193.2,1,Cancel,1547,,,,G
193.25,1,Insert,1548,B,9,101,G
193.25,1,Insert,1549,A,9,99,G
193.45,1,Cancel,1548,,,,G
193.45,1,Cancel,1549,,,,G
193.5,1,Insert,1550,B,9,101,G
193.5,1,Insert,1551,A,9,99,G
193.7,1,Cancel,1550,,,,G
193.7,1,Cancel,1551,,,,G
193.75,1,Insert,1552,B,9,101,G
193.75,1,Insert,1553,A,9,99,G
193.95,1,Cancel,1552,,,,G
193.95,1,Cancel,1553,,,,G
194.0,1,Insert,1554,B,9,101,G
194.0,1,Insert,1555,A,9,99,G
194.2,1,Cancel,1554,,,,G
194.2,1,Cancel,1555,,,,G
194.25,1,Insert,1556,B,9,101,G
194.25,1,Insert,1557,A,9,99,G
194.45,1,Cancel,1556,,,,G
194.45,1,Cancel,1557,,,,G
194.5,1,Insert,1558,B,9,101,G
194.5,1,Insert,1559,A,9,99,G
194.7,1,Cancel,1558,,,,G
194.7,1,Cancel,1559,,,,G
194.75,1,Insert,1560,B,9,101,G
194.75,1,Insert,1561,A,9,99,G
194.95,1,Cancel,1560,,,,G
194.95,1,Cancel,1561,,,,G
195.0,1,Insert,1562,B,9,101,G
195.0,1,Insert,1563,A,9,99,G
195.2,1,Cancel,1562,,,,G
195.2,1,Cancel,1563,,,,G
195.25,1,Insert,1564,B,9,101,G
195.25,1,Insert,1565,A,9,99,G
195.45,1,Cancel,1564,,,,G
195.45,1,Cancel,1565,,,,G
195.5,1,Insert,1566,B,9,101,G
195.5,1,Insert,1567,A,9,99,G
195.7,1,Cancel,1566,,,,G
195.7,1,Cancel,1567,,,,G
195.75,1,Insert,1568,B,9,101,G
195.75,1,Insert,1569,A,9,99,G
195.95,1,Cancel,1568,,,,G
195.95,1,Cancel,1569,,,,G
196.0,1,Insert,1570,B,9,101,G
196.0,1,Insert,1571,A,9,99,G
196.2,1,Cancel,1570,,,,G
196.2,1,Cancel,1571,,,,G
196.25,1,Insert,1572,B,9,101,G
196.25,1,Insert,1573,A,9,99,G
196.45,1,Cancel,1572,,,,G
196.45,1,Cancel,1573,,,,G
196.5,1,Insert,1574,B,9,101,G
196.5,1,Insert,1575,A,9,99,G
196.7,1,Cancel,1574,,,,G
196.7,1,Cancel,1575,,,,G
196.75,1,Insert,1576,B,9,101,G
196.75,1,Insert,1577,A,9,99,G
196.95,1,Cancel,1576,,,,G
196.95,1,Cancel,1577,,,,G
197.0,1,Insert,1578,B,9,101,G
197.0,1,Insert,1579,A,9,99,G
197.2,1,Cancel,1578,,,,G
197.2,1,Cancel,1579,,,,G
197.25,1,Insert,1580,B,9,101,G
197.25,1,Insert,1581,A,9,99,G
197.45,1,Cancel,1580,,,,G
197.45,1,Cancel,1581,,,,G
197.5,1,Insert,1582,B,9,101,G
197.5,1,Insert,1583,A,9,99,G
197.7,1,Cancel,1582,,,,G
197.7,1,Cancel,1583,,,,G
197.75,1,Insert,1584,B,9,101,G
197.75,1,Insert,1585,A,9,99,G
197.95,1,Cancel,1584,,,,G
197.95,1,Cancel,1585,,,,G
198.0,1,Insert,1586,B,9,101,G
198.0,1,Insert,1587,A,9,99,G
198.2,1,Cancel,1586,,,,G
198.2,1,Cancel,1587,,,,G
198.25,1,Insert,1588,B,9,101,G
198.25,1,Insert,1589,A,9,99,G
198.45,1,Cancel,1588,,,,G
198.45,1,Cancel,1589,,,,G
198.5,1,Insert,1590,B,9,101,G
198.5,1,Insert,1591,A,9,99,G
198.7,1,Cancel,1590,,,,G
198.7,1,Cancel,1591,,,,G
198.75,1,Insert,1592,B,9,101,G
198.75,1,Insert,1593,A,9,99,G
198.95,1,Cancel,1592,,,,G
198.95,1,Cancel,1593,,,,G
199.0,1,Insert,1594,B,9,101,G
199.0,1,Insert,1595,A,9,99,G
199.2,1,Cancel,1594,,,,G
199.2,1,Cancel,1595,,,,G
199.25,1,Insert,1596,B,9,101,G
199.25,1,Insert,1597,A,9,99,G
199.45,1,Cancel,1596,,,,G
199.45,1,Cancel,1597,,,,G
199.5,1,Insert,1598,B,9,101,G
199.5,1,Insert,1599,A,9,99,G
199.7,1,Cancel,1598,,,,G
199.7,1,Cancel,1599,,,,G
199.75,1,Insert,1600,B,9,101,G
199.75,1,Insert,1601,A,9,99,G
199.95,1,Cancel,1600,,,,G
199.95,1,Cancel,1601,,,,G
200.0,1,Insert,1602,B,9,101,G
200.0,1,Insert,1603,A,9,99,G
200.2,1,Cancel,1602,,,,G
200.2,1,Cancel,1603,,,,G
200.25,1,Insert,1604,B,9,101,G
200.25,1,Insert,1605,A,9,99,G
200.45,1,Cancel,1604,,,,G
200.45,1,Cancel,1605,,,,G
200.5,1,Insert,1606,B,9,101,G
200.5,1,Insert,1607,A,9,99,G
200.7,1,Cancel,1606,,,,G
200.7,1,Cancel,1607,,,,G
200.75,1,Insert,1608,B,9,101,G
200.75,1,Insert,1609,A,9,99,G
200.95,1,Cancel,1608,,,,G
200.95,1,Cancel,1609,,,,G
201.0,1,Insert,1610,B,9,101,G
201.0,1,Insert,1611,A,9,99,G
201.2,1,Cancel,1610,,,,G
201.2,1,Cancel,1611,,,,G
201.25,1,Insert,1612,B,9,101,G
201.25,1,Insert,1613,A,9,99,G
201.45,1,Cancel,1612,,,,G
201.45,1,Cancel,1613,,,,G
201.5,1,Insert,1614,B,9,101,G
201.5,1,Insert,1615,A,9,99,G
201.7,1,Cancel,1614,,,,G
201.7,1,Cancel,1615,,,,G
201.75,1,Insert,1616,B,9,101,G
201.75,1,Insert,1617,A,9,99,G
201.95,1,Cancel,1616,,,,G
201.95,1,Cancel,1617,,,,G
202.0,1,Insert,1618,B,9,101,G
202.0,1,Insert,1619,A,9,99,G
202.2,1,Cancel,1618,,,,G
202.2,1,Cancel,1619,,,,G
202.25,1,Insert,1620,B,9,101,G
202.25,1,Insert,1621,A,9,99,G
202.45,1,Cancel,1620,,,,G
202.45,1,Cancel,1621,,,,G
202.5,1,Insert,1622,B,9,101,G
202.5,1,Insert,1623,A,9,99,G
202.7,1,Cancel,1622,,,,G
202.7,1,Cancel,1623,,,,G
202.75,1,Insert,1624,B,9,101,G
202.75,1,Insert,1625,A,9,99,G
202.95,1,Cancel,1624,,,,G
202.95,1,Cancel,1625,,,,G
203.0,1,Insert,1626,B,9,101,G
203.0,1,Insert,1627,A,9,99,G
203.2,1,Cancel,1626,,,,G
203.2,1,Cancel,1627,,,,G
203.25,1,Insert,1628,B,9,101,G
203.25,1,Insert,1629,A,9,99,G
203.45,1,Cancel,1628,,,,G
203.45,1,Cancel,1629,,,,G
203.5,1,Insert,1630,B,9,101,G
203.5,1,Insert,1631,A,9,99,G
203.7,1,Cancel,1630,,,,G
203.7,1,Cancel,1631,,,,G
203.75,1,Insert,1632,B,9,101,G
203.75,1,Insert,1633,A,9,99,G
203.95,1,Cancel,1632,,,,G
203.95,1,Cancel,1633,,,,G
204.0,1,Insert,1634,B,9,101,G
204.0,1,Insert,1635,A,9,99,G
204.2,1,Cancel,1634,,,,G
204.2,1,Cancel,1635,,,,G
204.25,1,Insert,1636,B,9,101,G
204.25,1,Insert,1637,A,9,99,G
204.45,1,Cancel,1636,,,,G
204.45,1,Cancel,1637,,,,G
204.5,1,Insert,1638,B,9,101,G
204.5,1,Insert,1639,A,9,99,G
204.7,1,Cancel,1638,,,,G
204.7,1,Cancel,1639,,,,G
204.75,1,Insert,1640,B,9,101,G
204.75,1,Insert,1641,A,9,99,G
204.95,1,Cancel,1640,,,,G
204.95,1,Cancel,1641,,,,G
205.0,1,Insert,1642,B,9,101,G
205.0,1,Insert,1643,A,9,99,G
205.2,1,Cancel,1642,,,,G
205.2,1,Cancel,1643,,,,G
205.25,1,Insert,1644,B,9,101,G
205.25,1,Insert,1645,A,9,99,G
205.45,1,Cancel,1644,,,,G
205.45,1,Cancel,1645,,,,G
205.5,1,Insert,1646,B,9,101,G
205.5,1,Insert,1647,A,9,99,G
205.7,1,Cancel,1646,,,,G
205.7,1,Cancel,1647,,,,G
205.75,1,Insert,1648,B,9,101,G
205.75,1,Insert,1649,A,9,99,G
205.95,1,Cancel,1648,,,,G
205.95,1,Cancel,1649,,,,G
206.0,1,Insert,1650,B,9,101,G
206.0,1,Insert,1651,A,9,99,G
206.2,1,Cancel,1650,,,,G
206.2,1,Cancel,1651,,,,G
206.25,1,Insert,1652,B,9,101,G
206.25,1,Insert,1653,A,9,99,G
206.45,1,Cancel,1652,,,,G
206.45,1,Cancel,1653,,,,G
206.5,1,Insert,1654,B,9,101,G
206.5,1,Insert,1655,A,9,99,G
206.7,1,Cancel,1654,,,,G
206.7,1,Cancel,1655,,,,G
206.75,1,Insert,1656,B,9,101,G
206.75,1,Insert,1657,A,9,99,G
206.95,1,Cancel,1656,,,,G
206.95,1,Cancel,1657,,,,G
207.0,1,Insert,1658,B,9,101,G
207.0,1,Insert,1659,A,9,99,G
207.2,1,Cancel,1658,,,,G
207.2,1,Cancel,1659,,,,G
207.25,1,Insert,1660,B,9,101,G
207.25,1,Insert,1661,A,9,99,G
207.45,1,Cancel,1660,,,,G
207.45,1,Cancel,1661,,,,G
207.5,1,Insert,1662,B,9,101,G
207.5,1,Insert,1663,A,9,99,G
207.7,1,Cancel,1662,,,,G
207.7,1,Cancel,1663,,,,G
207.75,1,Insert,1664,B,9,101,G
207.75,1,Insert,1665,A,9,99,G
207.95,1,Cancel,1664,,,,G
207.95,1,Cancel,1665,,,,G
208.0,1,Insert,1666,B,9,101,G
208.0,1,Insert,1667,A,9,99,G
208.2,1,Cancel,1666,,,,G
208.2,1,Cancel,1667,,,,G
208.25,1,Insert,1668,B,9,101,G
208.25,1,Insert,1669,A,9,99,G
208.45,1,Cancel,1668,,,,G
208.45,1,Cancel,1669,,,,G
208.5,1,Insert,1670,B,9,101,G
208.5,1,Insert,1671,A,9,99,G
208.7,1,Cancel,1670,,,,G
208.7,1,Cancel,1671,,,,G
208.75,1,Insert,1672,B,9,101,G
208.75,1,Insert,1673,A,9,99,G
208.95,1,Cancel,1672,,,,G
208.95,1,Cancel,1673,,,,G
209.0,1,Insert,1674,B,9,101,G
209.0,1,Insert,1675,A,9,99,G
209.2,1,Cancel,1674,,,,G
209.2,1,Cancel,1675,,,,G
209.25,1,Insert,1676,B,9,101,G
209.25,1,Insert,1677,A,9,99,G
209.45,1,Cancel,1676,,,,G
209.45,1,Cancel,1677,,,,G
209.5,1,Insert,1678,B,9,101,G
209.5,1,Insert,1679,A,9,99,G
209.7,1,Cancel,1678,,,,G
209.7,1,Cancel,1679,,,,G
209.75,1,Insert,1680,B,9,101,G
209.75,1,Insert,1681,A,9,99,G
209.95,1,Cancel,1680,,,,G
209.95,1,Cancel,1681,,,,G
210.0,1,Insert,1682,B,9,101,G
210.0,1,Insert,1683,A,9,99,G
210.2,1,Cancel,1682,,,,G
210.2,1,Cancel,1683,,,,G
210.25,1,Insert,1684,B,9,101,G
210.25,1,Insert,1685,A,9,99,G
210.45,1,Cancel,1684,,,,G
210.45,1,Cancel,1685,,,,G
210.5,1,Insert,1686,B,9,101,G
210.5,1,Insert,1687,A,9,99,G
210.7,1,Cancel,1686,,,,G
210.7,1,Cancel,1687,,,,G
210.75,1,Insert,1688,B,9,101,G
210.75,1,Insert,1689,A,9,99,G
210.95,1,Cancel,1688,,,,G
210.95,1,Cancel,1689,,,,G
211.0,1,Insert,1690,B,9,101,G
211.0,1,Insert,1691,A,9,99,G
211.2,1,Cancel,1690,,,,G
211.2,1,Cancel,1691,,,,G
211.25,1,Insert,1692,B,9,101,G
211.25,1,Insert,1693,A,9,99,G
211.45,1,Cancel,1692,,,,G
211.45,1,Cancel,1693,,,,G
211.5,1,Insert,1694,B,9,101,G
211.5,1,Insert,1695,A,9,99,G
211.7,1,Cancel,1694,,,,G
211.7,1,Cancel,1695,,,,G
211.75,1,Insert,1696,B,9,101,G
211.75,1,Insert,1697,A,9,99,G
211.95,1,Cancel,1696,,,,G
211.95,1,Cancel,1697,,,,G
212.0,1,Insert,1698,B,9,101,G
212.0,1,Insert,1699,A,9,99,G
212.2,1,Cancel,1698,,,,G
212.2,1,Cancel,1699,,,,G
212.25,1,Insert,1700,B,9,101,G
212.25,1,Insert,1701,A,9,99,G
212.45,1,Cancel,1700,,,,G
212.45,1,Cancel,1701,,,,G
212.5,1,Insert,1702,B,9,101,G
212.5,1,Insert,1703,A,9,99,G
212.7,1,Cancel,1702,,,,G
212.7,1,Cancel,1703,,,,G
212.75,1,Insert,1704,B,9,101,G
212.75,1,Insert,1705,A,9,99,G
212.95,1,Cancel,1704,,,,G
212.95,1,Cancel,1705,,,,G
213.0,1,Insert,1706,B,9,101,G
213.0,1,Insert,1707,A,9,99,G
213.2,1,Cancel,1706,,,,G
213.2,1,Cancel,1707,,,,G
213.25,1,Insert,1708,B,9,101,G
213.25,1,Insert,1709,A,9,99,G
213.45,1,Cancel,1708,,,,G
213.45,1,Cancel,1709,,,,G
213.5,1,Insert,1710,B,9,101,G
213.5,1,Insert,1711,A,9,99,G
213.7,1,Cancel,1710,,,,G
213.7,1,Cancel,1711,,,,G
213.75,1,Insert,1712,B,9,101,G
213.75,1,Insert,1713,A,9,99,G
213.95,1,Cancel,1712,,,,G
213.95,1,Cancel,1713,,,,G
214.0,1,Insert,1714,B,9,101,G
214.0,1,Insert,1715,A,9,99,G
214.2,1,Cancel,1714,,,,G
214.2,1,Cancel,1715,,,,G
214.25,1,Insert,1716,B,9,101,G
214.25,1,Insert,1717,A,9,99,G
214.45,1,Cancel,1716,,,,G
214.45,1,Cancel,1717,,,,G
214.5,1,Insert,1718,B,9,101,G
214.5,1,Insert,1719,A,9,99,G
214.7,1,Cancel,1718,,,,G
214.7,1,Cancel,1719,,,,G
214.75,1,Insert,1720,B,9,101,G
214.75,1,Insert,1721,A,9,99,G
214.95,1,Cancel,1720,,,,G
214.95,1,Cancel,1721,,,,G
215.0,1,Insert,1722,B,9,101,G
215.0,1,Insert,1723,A,9,99,G
215.2,1,Cancel,1722,,,,G
215.2,1,Cancel,1723,,,,G
215.25,1,Insert,1724,B,9,101,G
215.25,1,Insert,1725,A,9,99,G
215.45,1,Cancel,1724,,,,G
215.45,1,Cancel,1725,,,,G
215.5,1,Insert,1726,B,9,101,G
215.5,1,Insert,1727,A,9,99,G
215.7,1,Cancel,1726,,,,G
215.7,1,Cancel,1727,,,,G
215.75,1,Insert,1728,B,9,101,G
215.75,1,Insert,1729,A,9,99,G
215.95,1,Cancel,1728,,,,G
215.95,1,Cancel,1729,,,,G
216.0,1,Insert,1730,B,9,101,G
216.0,1,Insert,1731,A,9,99,G
216.2,1,Cancel,1730,,,,G
216.2,1,Cancel,1731,,,,G
216.25,1,Insert,1732,B,9,101,G
216.25,1,Insert,1733,A,9,99,G
216.45,1,Cancel,1732,,,,G
216.45,1,Cancel,1733,,,,G
216.5,1,Insert,1734,B,9,101,G
216.5,1,Insert,1735,A,9,99,G
216.7,1,Cancel,1734,,,,G
216.7,1,Cancel,1735,,,,G
216.75,1,Insert,1736,B,9,101,G
216.75,1,Insert,1737,A,9,99,G
216.95,1,Cancel,1736,,,,G
216.95,1,Cancel,1737,,,,G
217.0,1,Insert,1738,B,9,101,G
217.0,1,Insert,1739,A,9,99,G
217.2,1,Cancel,1738,,,,G
217.2,1,Cancel,1739,,,,G
217.25,1,Insert,1740,B,9,101,G
217.25,1,Insert,1741,A,9,99,G
217.45,1,Cancel,1740,,,,G
217.45,1,Cancel,1741,,,,G
217.5,1,Insert,1742,B,9,101,G
217.5,1,Insert,1743,A,9,99,G
217.7,1,Cancel,1742,,,,G
217.7,1,Cancel,1743,,,,G
217.75,1,Insert,1744,B,9,101,G
217.75,1,Insert,1745,A,9,99,G
217.95,1,Cancel,1744,,,,G
217.95,1,Cancel,1745,,,,G
218.0,1,Insert,1746,B,9,101,G
218.0,1,Insert,1747,A,9,99,G
218.2,1,Cancel,1746,,,,G
218.2,1,Cancel,1747,,,,G
218.25,1,Insert,1748,B,9,101,G
218.25,1,Insert,1749,A,9,99,G
218.45,1,Cancel,1748,,,,G
218.45,1,Cancel,1749,,,,G
218.5,1,Insert,1750,B,9,101,G
218.5,1,Insert,1751,A,9,99,G
218.7,1,Cancel,1750,,,,G
218.7,1,Cancel,1751,,,,G
218.75,1,Insert,1752,B,9,101,G
218.75,1,Insert,1753,A,9,99,G
218.95,1,Cancel,1752,,,,G
218.95,1,Cancel,1753,,,,G
219.0,1,Insert,1754,B,9,101,G
219.0,1,Insert,1755,A,9,99,G
219.2,1,Cancel,1754,,,,G
219.2,1,Cancel,1755,,,,G
219.25,1,Insert,1756,B,9,101,G
219.25,1,Insert,1757,A,9,99,G
219.45,1,Cancel,1756,,,,G
219.45,1,Cancel,1757,,,,G
219.5,1,Insert,1758,B,9,101,G
219.5,1,Insert,1759,A,9,99,G
219.7,1,Cancel,1758,,,,G
219.7,1,Cancel,1759,,,,G
219.75,1,Insert,1760,B,9,101,G
219.75,1,Insert,1761,A,9,99,G
219.95,1,Cancel,1760,,,,G
219.95,1,Cancel,1761,,,,G
220.0,1,Insert,1762,B,9,101,G
220.0,1,Insert,1763,A,9,99,G
220.2,1,Cancel,1762,,,,G
220.2,1,Cancel,1763,,,,G
220.25,1,Insert,1764,B,9,101,G
220.25,1,Insert,1765,A,9,99,G
220.45,1,Cancel,1764,,,,G
220.45,1,Cancel,1765,,,,G
220.5,1,Insert,1766,B,9,101,G
220.5,1,Insert,1767,A,9,99,G
220.7,1,Cancel,1766,,,,G
220.7,1,Cancel,1767,,,,G
220.75,1,Insert,1768,B,9,101,G
220.75,1,Insert,1769,A,9,99,G
220.95,1,Cancel,1768,,,,G
220.95,1,Cancel,1769,,,,G
221.0,1,Insert,1770,B,9,101,G
221.0,1,Insert,1771,A,9,99,G
221.2,1,Cancel,1770,,,,G
221.2,1,Cancel,1771,,,,G
221.25,1,Insert,1772,B,9,101,G
221.25,1,Insert,1773,A,9,99,G
221.45,1,Cancel,1772,,,,G
221.45,1,Cancel,1773,,,,G
221.5,1,Insert,1774,B,9,101,G
221.5,1,Insert,1775,A,9,99,G
221.7,1,Cancel,1774,,,,G
221.7,1,Cancel,1775,,,,G
221.75,1,Insert,1776,B,9,101,G
221.75,1,Insert,1777,A,9,99,G
221.95,1,Cancel,1776,,,,G
221.95,1,Cancel,1777,,,,G
222.0,1,Insert,1778,B,9,101,G
222.0,1,Insert,1779,A,9,99,G
222.2,1,Cancel,1778,,,,G
222.2,1,Cancel,1779,,,,G
222.25,1,Insert,1780,B,9,101,G
222.25,1,Insert,1781,A,9,99,G
222.45,1,Cancel,1780,,,,G
222.45,1,Cancel,1781,,,,G
222.5,1,Insert,1782,B,9,101,G
222.5,1,Insert,1783,A,9,99,G
222.7,1,Cancel,1782,,,,G
222.7,1,Cancel,1783,,,,G
222.75,1,Insert,1784,B,9,101,G
222.75,1,Insert,1785,A,9,99,G
222.95,1,Cancel,1784,,,,G
222.95,1,Cancel,1785,,,,G
223.0,1,Insert,1786,B,9,101,G
223.0,1,Insert,1787,A,9,99,G
223.2,1,Cancel,1786,,,,G
223.2,1,Cancel,1787,,,,G
223.25,1,Insert,1788,B,9,101,G
223.25,1,Insert,1789,A,9,99,G
223.45,1,Cancel,1788,,,,G
223.45,1,Cancel,1789,,,,G
223.5,1,Insert,1790,B,9,101,G
223.5,1,Insert,1791,A,9,99,G
223.7,1,Cancel,1790,,,,G
223.7,1,Cancel,1791,,,,G
223.75,1,Insert,1792,B,9,101,G
223.75,1,Insert,1793,A,9,99,G
223.95,1,Cancel,1792,,,,G
223.95,1,Cancel,1793,,,,G
224.0,1,Insert,1794,B,9,101,G
224.0,1,Insert,1795,A,9,99,G
224.2,1,Cancel,1794,,,,G
224.2,1,Cancel,1795,,,,G
224.25,1,Insert,1796,B,9,101,G
224.25,1,Insert,1797,A,9,99,G
224.45,1,Cancel,1796,,,,G
224.45,1,Cancel,1797,,,,G
224.5,1,Insert,1798,B,9,101,G
224.5,1,Insert,1799,A,9,99,G
224.7,1,Cancel,1798,,,,G
224.7,1,Cancel,1799,,,,G
224.75,1,Insert,1800,B,9,101,G
224.75,1,Insert,1801,A,9,99,G
224.95,1,Cancel,1800,,,,G
224.95,1,Cancel,1801,,,,G
225.0,1,Insert,1802,B,9,101,G
225.0,1,Insert,1803,A,9,99,G
225.2,1,Cancel,1802,,,,G
225.2,1,Cancel,1803,,,,G
225.25,1,Insert,1804,B,9,101,G
225.25,1,Insert,1805,A,9,99,G
225.45,1,Cancel,1804,,,,G
225.45,1,Cancel,1805,,,,G
225.5,1,Insert,1806,B,9,101,G
225.5,1,Insert,1807,A,9,99,G
225.7,1,Cancel,1806,,,,G
225.7,1,Cancel,1807,,,,G
225.75,1,Insert,1808,B,9,101,G
225.75,1,Insert,1809,A,9,99,G
225.95,1,Cancel,1808,,,,G
225.95,1,Cancel,1809,,,,G
226.0,1,Insert,1810,B,9,101,G
226.0,1,Insert,1811,A,9,99,G
226.2,1,Cancel,1810,,,,G
226.2,1,Cancel,1811,,,,G
226.25,1,Insert,1812,B,9,101,G
226.25,1,Insert,1813,A,9,99,G
226.45,1,Cancel,1812,,,,G
226.45,1,Cancel,1813,,,,G
226.5,1,Insert,1814,B,9,101,G
226.5,1,Insert,1815,A,9,99,G
226.7,1,Cancel,1814,,,,G
226.7,1,Cancel,1815,,,,G
226.75,1,Insert,1816,B,9,101,G
226.75,1,Insert,1817,A,9,99,G
226.95,1,Cancel,1816,,,,G
226.95,1,Cancel,1817,,,,G
227.0,1,Insert,1818,B,9,101,G
227.0,1,Insert,1819,A,9,99,G
227.2,1,Cancel,1818,,,,G
227.2,1,Cancel,1819,,,,G
227.25,1,Insert,1820,B,9,101,G
227.25,1,Insert,1821,A,9,99,G
227.45,1,Cancel,1820,,,,G
227.45,1,Cancel,1821,,,,G
227.5,1,Insert,1822,B,9,101,G
227.5,1,Insert,1823,A,9,99,G
227.7,1,Cancel,1822,,,,G
227.7,1,Cancel,1823,,,,G
227.75,1,Insert,1824,B,9,101,G
227.75,1,Insert,1825,A,9,99,G
227.95,1,Cancel,1824,,,,G
227.95,1,Cancel,1825,,,,G
228.0,1,Insert,1826,B,9,101,G
228.0,1,Insert,1827,A,9,99,G
228.2,1,Cancel,1826,,,,G
228.2,1,Cancel,1827,,,,G
228.25,1,Insert,1828,B,9,101,G
228.25,1,Insert,1829,A,9,99,G
228.45,1,Cancel,1828,,,,G
228.45,1,Cancel,1829,,,,G
228.5,1,Insert,1830,B,9,101,G
228.5,1,Insert,1831,A,9,99,G
228.7,1,Cancel,1830,,,,G
228.7,1,Cancel,1831,,,,G
228.75,1,Insert,1832,B,9,101,G
228.75,1,Insert,1833,A,9,99,G
228.95,1,Cancel,1832,,,,G
228.95,1,Cancel,1833,,,,G
229.0,1,Insert,1834,B,9,101,G
229.0,1,Insert,1835,A,9,99,G
229.2,1,Cancel,1834,,,,G
229.2,1,Cancel,1835,,,,G
229.25,1,Insert,1836,B,9,101,G
229.25,1,Insert,1837,A,9,99,G
229.45,1,Cancel,1836,,,,G
229.45,1,Cancel,1837,,,,G
229.5,1,Insert,1838,B,9,101,G
229.5,1,Insert,1839,A,9,99,G
229.7,1,Cancel,1838,,,,G
229.7,1,Cancel,1839,,,,G
229.75,1,Insert,1840,B,9,101,G
229.75,1,Insert,1841,A,9,99,G
229.95,1,Cancel,1840,,,,G
229.95,1,Cancel,1841,,,,G
230.0,1,Insert,1842,B,9,101,G
230.0,1,Insert,1843,A,9,99,G
230.2,1,Cancel,1842,,,,G
230.2,1,Cancel,1843,,,,G
230.25,1,Insert,1844,B,9,101,G
230.25,1,Insert,1845,A,9,99,G
230.45,1,Cancel,1844,,,,G
230.45,1,Cancel,1845,,,,G
230.5,1,Insert,1846,B,9,101,G
230.5,1,Insert,1847,A,9,99,G
230.7,1,Cancel,1846,,,,G
230.7,1,Cancel,1847,,,,G
230.75,1,Insert,1848,B,9,101,G
230.75,1,Insert,1849,A,9,99,G
230.95,1,Cancel,1848,,,,G
230.95,1,Cancel,1849,,,,G
231.0,1,Insert,1850,B,9,101,G
231.0,1,Insert,1851,A,9,99,G
231.2,1,Cancel,1850,,,,G
231.2,1,Cancel,1851,,,,G
231.25,1,Insert,1852,B,9,101,G
231.25,1,Insert,1853,A,9,99,G
231.45,1,Cancel,1852,,,,G
231.45,1,Cancel,1853,,,,G
231.5,1,Insert,1854,B,9,101,G
231.5,1,Insert,1855,A,9,99,G
231.7,1,Cancel,1854,,,,G
231.7,1,Cancel,1855,,,,G
231.75,1,Insert,1856,B,9,101,G
231.75,1,Insert,1857,A,9,99,G
231.95,1,Cancel,1856,,,,G
231.95,1,Cancel,1857,,,,G
232.0,1,Insert,1858,B,9,101,G
232.0,1,Insert,1859,A,9,99,G
232.2,1,Cancel,1858,,,,G
232.2,1,Cancel,1859,,,,G
232.25,1,Insert,1860,B,9,101,G
232.25,1,Insert,1861,A,9,99,G
232.45,1,Cancel,1860,,,,G
232.45,1,Cancel,1861,,,,G
232.5,1,Insert,1862,B,9,101,G
232.5,1,Insert,1863,A,9,99,G
232.7,1,Cancel,1862,,,,G
232.7,1,Cancel,1863,,,,G
232.75,1,Insert,1864,B,9,101,G
232.75,1,Insert,1865,A,9,99,G
232.95,1,Cancel,1864,,,,G
232.95,1,Cancel,1865,,,,G
233.0,1,Insert,1866,B,9,101,G
233.0,1,Insert,1867,A,9,99,G
233.2,1,Cancel,1866,,,,G
233.2,1,Cancel,1867,,,,G
233.25,1,Insert,1868,B,9,101,G
233.25,1,Insert,1869,A,9,99,G
233.45,1,Cancel,1868,,,,G
233.45,1,Cancel,1869,,,,G
233.5,1,Insert,1870,B,9,101,G
233.5,1,Insert,1871,A,9,99,G
233.7,1,Cancel,1870,,,,G
233.7,1,Cancel,1871,,,,G
233.75,1,Insert,1872,B,9,101,G
233.75,1,Insert,1873,A,9,99,G
